Local time,Ask,Bid,AskVolume,BidVolume
06.06.2022 08:01:10.788 GMT+0200,8779.016,8772.016,0,0.0001
06.06.2022 08:01:11.262 GMT+0200,8777.626,8770.626,0,0.0001
06.06.2022 08:01:15.008 GMT+0200,8776.366,8769.366,0,0.0001
06.06.2022 08:01:15.452 GMT+0200,8776.066,8769.066,0,0.0001
06.06.2022 08:01:47.504 GMT+0200,8775.416,8768.416,0,0
06.06.2022 08:01:47.722 GMT+0200,8774.866,8767.866,0,0
06.06.2022 08:02:19.138 GMT+0200,8775.126,8768.126,0,0
06.06.2022 08:02:44.937 GMT+0200,8775.416,8768.416,0,0
06.06.2022 08:02:58.642 GMT+0200,8775.066,8768.066,0,0
06.06.2022 08:03:32.598 GMT+0200,8775.566,8768.566,0,0.0001
06.06.2022 08:03:53.082 GMT+0200,8774.866,8767.866,0,0.0001
06.06.2022 08:04:23.922 GMT+0200,8776.416,8769.416,0,0.0001
06.06.2022 08:04:25.363 GMT+0200,8778.626,8771.626,0,0.0001
06.06.2022 08:04:27.866 GMT+0200,8778.366,8771.366,0,0.0001
06.06.2022 08:04:30.286 GMT+0200,8777.966,8770.966,0,0.0001
06.06.2022 08:04:34.489 GMT+0200,8778.466,8771.466,0,0.0001
06.06.2022 08:04:48.430 GMT+0200,8778.066,8771.066,0,0.0001
06.06.2022 08:04:53.945 GMT+0200,8777.466,8770.466,0,0.0001
06.06.2022 08:04:56.303 GMT+0200,8777.016,8770.016,0,0.0001
06.06.2022 08:05:04.097 GMT+0200,8778.316,8771.316,0,0.0001
06.06.2022 08:05:06.414 GMT+0200,8778.966,8771.966,0,0
06.06.2022 08:05:11.330 GMT+0200,8779.566,8772.566,0,0.0001
06.06.2022 08:05:13.592 GMT+0200,8779.966,8772.966,0,0.0001
06.06.2022 08:05:15.304 GMT+0200,8780.866,8773.866,0,0.0001
06.06.2022 08:05:17.597 GMT+0200,8781.516,8774.516,0,0.0001
06.06.2022 08:05:20.417 GMT+0200,8782.316,8775.316,0,0
06.06.2022 08:05:21.432 GMT+0200,8782.626,8775.626,0,0
06.06.2022 08:05:21.745 GMT+0200,8783.126,8776.126,0,0
06.06.2022 08:05:22.577 GMT+0200,8782.966,8775.966,0,0.0001
06.06.2022 08:05:26.353 GMT+0200,8783.516,8776.516,0,0.0001
06.06.2022 08:05:26.565 GMT+0200,8780.066,8773.066,0,0
06.06.2022 08:05:26.733 GMT+0200,8782.366,8775.366,0,0
06.06.2022 08:05:26.840 GMT+0200,8781.916,8774.916,0,0
06.06.2022 08:05:29.461 GMT+0200,8781.416,8774.416,0,0
06.06.2022 08:05:30.055 GMT+0200,8780.566,8773.566,0,0
06.06.2022 08:05:40.140 GMT+0200,8780.126,8773.126,0.0001,0
06.06.2022 08:05:40.283 GMT+0200,8779.066,8772.066,0,0
06.06.2022 08:05:43.178 GMT+0200,8779.466,8772.466,0,0
06.06.2022 08:06:07.781 GMT+0200,8778.416,8771.416,0,0
06.06.2022 08:06:09.823 GMT+0200,8778.916,8771.916,0,0
06.06.2022 08:06:17.781 GMT+0200,8778.566,8771.566,0,0
06.06.2022 08:06:25.952 GMT+0200,8779.016,8772.016,0,0
06.06.2022 08:06:27.471 GMT+0200,8779.466,8772.466,0,0
06.06.2022 08:06:43.591 GMT+0200,8779.016,8772.016,0,0
06.06.2022 08:07:52.738 GMT+0200,8778.366,8771.366,0,0
06.06.2022 08:08:17.737 GMT+0200,8778.066,8771.066,0,0
06.06.2022 08:08:42.745 GMT+0200,8777.566,8770.566,0,0
06.06.2022 08:08:43.196 GMT+0200,8778.866,8771.866,0,0
06.06.2022 08:09:55.006 GMT+0200,8778.416,8771.416,0,0
06.06.2022 08:10:16.078 GMT+0200,8778.626,8771.626,0,0
06.06.2022 08:10:21.230 GMT+0200,8777.366,8770.366,0,0
06.06.2022 08:10:21.716 GMT+0200,8778.626,8771.626,0,0
06.06.2022 08:10:56.026 GMT+0200,8778.126,8771.126,0,0
06.06.2022 08:10:57.391 GMT+0200,8776.966,8769.966,0,0
06.06.2022 08:11:02.559 GMT+0200,8776.466,8769.466,0,0
06.06.2022 08:11:06.338 GMT+0200,8776.066,8769.066,0,0
06.06.2022 08:11:07.398 GMT+0200,8775.466,8768.466,0,0
06.06.2022 08:12:59.674 GMT+0200,8774.866,8767.866,0,0
06.06.2022 08:13:04.452 GMT+0200,8775.416,8768.416,0,0
06.06.2022 08:13:19.395 GMT+0200,8778.126,8771.126,0,0
06.06.2022 08:13:22.771 GMT+0200,8777.916,8770.916,0,0.0001
06.06.2022 08:13:27.463 GMT+0200,8778.316,8771.316,0,0
06.06.2022 08:13:27.568 GMT+0200,8779.066,8772.066,0,0
06.06.2022 08:13:38.606 GMT+0200,8779.126,8772.126,0,0
06.06.2022 08:13:47.872 GMT+0200,8777.966,8770.966,0,0
06.06.2022 08:14:00.068 GMT+0200,8778.416,8771.416,0,0
06.06.2022 08:14:01.579 GMT+0200,8777.866,8770.866,0,0
06.06.2022 08:14:02.136 GMT+0200,8778.316,8771.316,0,0
06.06.2022 08:14:04.573 GMT+0200,8778.866,8771.866,0,0
06.06.2022 08:14:41.302 GMT+0200,8778.566,8771.566,0,0
06.06.2022 08:14:43.203 GMT+0200,8777.816,8770.816,0,0
06.06.2022 08:14:47.662 GMT+0200,8777.566,8770.566,0,0
06.06.2022 08:14:48.246 GMT+0200,8777.916,8770.916,0,0
06.06.2022 08:15:01.361 GMT+0200,8776.016,8769.016,0,0
06.06.2022 08:15:01.713 GMT+0200,8776.416,8769.416,0,0
06.06.2022 08:15:02.042 GMT+0200,8775.966,8768.966,0,0.0001
06.06.2022 08:15:04.469 GMT+0200,8775.566,8768.566,0,0.0001
06.06.2022 08:15:04.682 GMT+0200,8776.016,8769.016,0,0.0001
06.06.2022 08:15:05.033 GMT+0200,8775.316,8768.316,0,0.0001
06.06.2022 08:15:05.607 GMT+0200,8775.816,8768.816,0,0.0001
06.06.2022 08:15:12.634 GMT+0200,8776.416,8769.416,0,0
06.06.2022 08:15:37.557 GMT+0200,8775.416,8768.416,0,0
06.06.2022 08:16:05.035 GMT+0200,8773.866,8766.866,0,0
06.06.2022 08:16:06.820 GMT+0200,8774.466,8767.466,0,0
06.06.2022 08:16:13.773 GMT+0200,8774.816,8767.816,0,0
06.06.2022 08:16:30.888 GMT+0200,8772.966,8765.966,0,0
06.06.2022 08:16:31.050 GMT+0200,8770.016,8763.016,0,0
06.06.2022 08:16:36.429 GMT+0200,8770.316,8763.316,0,0
06.06.2022 08:16:36.689 GMT+0200,8771.016,8764.016,0,0
06.06.2022 08:16:37.880 GMT+0200,8771.316,8764.316,0,0.0001
06.06.2022 08:16:38.061 GMT+0200,8772.566,8765.566,0.0001,0
06.06.2022 08:16:39.883 GMT+0200,8773.866,8766.866,0,0
06.06.2022 08:16:40.098 GMT+0200,8774.816,8767.816,0,0.0001
06.06.2022 08:16:40.762 GMT+0200,8774.416,8767.416,0,0
06.06.2022 08:16:42.010 GMT+0200,8775.016,8768.016,0,0
06.06.2022 08:16:43.870 GMT+0200,8774.466,8767.466,0,0
06.06.2022 08:17:01.187 GMT+0200,8772.866,8765.866,0,0
06.06.2022 08:17:49.239 GMT+0200,8773.566,8766.566,0,0
06.06.2022 08:17:49.491 GMT+0200,8774.016,8767.016,0,0
06.06.2022 08:17:51.193 GMT+0200,8776.126,8769.126,0,0
06.06.2022 08:18:08.457 GMT+0200,8778.126,8771.126,0,0
06.06.2022 08:18:08.585 GMT+0200,8776.516,8769.516,0,0
06.06.2022 08:18:24.629 GMT+0200,8777.016,8770.016,0,0
06.06.2022 08:18:26.777 GMT+0200,8777.516,8770.516,0,0
06.06.2022 08:18:27.030 GMT+0200,8778.626,8771.626,0,0
06.06.2022 08:18:38.701 GMT+0200,8778.416,8771.416,0,0
06.06.2022 08:18:42.049 GMT+0200,8779.516,8772.516,0,0
06.06.2022 08:18:42.569 GMT+0200,8779.816,8772.816,0,0
06.06.2022 08:18:57.606 GMT+0200,8781.466,8774.466,0,0
06.06.2022 08:18:58.224 GMT+0200,8783.416,8776.416,0,0
06.06.2022 08:18:58.417 GMT+0200,8783.016,8776.016,0,0
06.06.2022 08:19:00.568 GMT+0200,8782.366,8775.366,0,0
06.06.2022 08:19:01.057 GMT+0200,8781.816,8774.816,0,0
06.06.2022 08:19:08.869 GMT+0200,8780.816,8773.816,0,0
06.06.2022 08:19:37.453 GMT+0200,8781.416,8774.416,0,0
06.06.2022 08:19:40.677 GMT+0200,8782.016,8775.016,0,0
06.06.2022 08:20:01.188 GMT+0200,8781.516,8774.516,0,0
06.06.2022 08:20:01.473 GMT+0200,8780.466,8773.466,0,0
06.06.2022 08:20:01.694 GMT+0200,8780.816,8773.816,0,0
06.06.2022 08:20:01.869 GMT+0200,8781.366,8774.366,0,0
06.06.2022 08:20:15.607 GMT+0200,8782.066,8775.066,0,0
06.06.2022 08:20:17.201 GMT+0200,8782.566,8775.566,0,0
06.06.2022 08:20:17.334 GMT+0200,8783.516,8776.516,0,0
06.06.2022 08:20:18.716 GMT+0200,8784.626,8777.626,0,0
06.06.2022 08:20:41.247 GMT+0200,8783.366,8776.366,0,0
06.06.2022 08:20:41.487 GMT+0200,8783.626,8776.626,0,0
06.06.2022 08:20:49.138 GMT+0200,8783.566,8776.566,0,0
06.06.2022 08:20:55.970 GMT+0200,8783.066,8776.066,0,0
06.06.2022 08:20:59.342 GMT+0200,8783.566,8776.566,0,0
06.06.2022 08:21:00.494 GMT+0200,8783.016,8776.016,0,0
06.06.2022 08:22:10.830 GMT+0200,8782.516,8775.516,0,0
06.06.2022 08:22:15.714 GMT+0200,8782.066,8775.066,0,0
06.06.2022 08:22:55.927 GMT+0200,8781.316,8774.316,0,0
06.06.2022 08:22:56.118 GMT+0200,8780.366,8773.366,0,0
06.06.2022 08:22:58.735 GMT+0200,8779.416,8772.416,0,0
06.06.2022 08:22:58.885 GMT+0200,8778.016,8771.016,0,0.0001
06.06.2022 08:22:59.831 GMT+0200,8778.366,8771.366,0,0.0001
06.06.2022 08:23:00.036 GMT+0200,8779.466,8772.466,0,0
06.06.2022 08:23:00.725 GMT+0200,8780.626,8773.626,0,0
06.06.2022 08:23:00.946 GMT+0200,8779.466,8772.466,0,0
06.06.2022 08:23:01.315 GMT+0200,8778.966,8771.966,0,0
06.06.2022 08:23:01.518 GMT+0200,8778.516,8771.516,0,0
06.06.2022 08:23:06.489 GMT+0200,8777.126,8770.126,0,0
06.06.2022 08:23:06.875 GMT+0200,8776.816,8769.816,0,0.0001
06.06.2022 08:23:10.836 GMT+0200,8776.466,8769.466,0,0.0001
06.06.2022 08:23:16.937 GMT+0200,8777.016,8770.016,0,0.0001
06.06.2022 08:24:13.087 GMT+0200,8776.466,8769.466,0,0.0001
06.06.2022 08:24:13.540 GMT+0200,8776.866,8769.866,0,0.0001
06.06.2022 08:24:46.363 GMT+0200,8777.416,8770.416,0,0.0001
06.06.2022 08:24:54.679 GMT+0200,8777.066,8770.066,0,0.0001
06.06.2022 08:25:25.497 GMT+0200,8777.966,8770.966,0,0.0001
06.06.2022 08:25:25.755 GMT+0200,8777.626,8770.626,0,0.0001
06.06.2022 08:25:26.097 GMT+0200,8778.126,8771.126,0,0.0001
06.06.2022 08:25:26.622 GMT+0200,8778.626,8771.626,0,0.0001
06.06.2022 08:25:29.480 GMT+0200,8777.566,8770.566,0,0.0001
06.06.2022 08:25:42.010 GMT+0200,8778.516,8771.516,0,0
06.06.2022 08:26:29.691 GMT+0200,8774.516,8767.516,0,0
06.06.2022 08:26:29.829 GMT+0200,8776.126,8769.126,0,0
06.06.2022 08:26:34.987 GMT+0200,8776.626,8769.626,0,0.0001
06.06.2022 08:26:35.241 GMT+0200,8776.516,8769.516,0,0
06.06.2022 08:26:36.697 GMT+0200,8777.016,8770.016,0,0
06.06.2022 08:27:06.586 GMT+0200,8776.416,8769.416,0,0.0001
06.06.2022 08:27:15.412 GMT+0200,8776.866,8769.866,0,0.0001
06.06.2022 08:27:21.662 GMT+0200,8776.416,8769.416,0,0.0001
06.06.2022 08:28:00.338 GMT+0200,8776.626,8769.626,0,0
06.06.2022 08:28:00.519 GMT+0200,8775.316,8768.316,0,0
06.06.2022 08:28:31.560 GMT+0200,8775.966,8768.966,0,0
06.06.2022 08:28:32.493 GMT+0200,8776.366,8769.366,0.0001,0
06.06.2022 08:29:34.436 GMT+0200,8776.866,8769.866,0,0
06.06.2022 08:29:34.760 GMT+0200,8778.626,8771.626,0,0
06.06.2022 08:29:50.605 GMT+0200,8778.366,8771.366,0,0
06.06.2022 08:29:56.593 GMT+0200,8779.016,8772.016,0,0
06.06.2022 08:30:02.306 GMT+0200,8779.966,8772.966,0,0
06.06.2022 08:30:11.561 GMT+0200,8780.966,8773.966,0,0.0001
06.06.2022 08:30:16.930 GMT+0200,8781.366,8774.366,0,0
06.06.2022 08:30:59.213 GMT+0200,8781.966,8774.966,0,0
06.06.2022 08:30:59.321 GMT+0200,8782.316,8775.316,0,0
06.06.2022 08:30:59.526 GMT+0200,8783.516,8776.516,0,0
06.06.2022 08:31:06.671 GMT+0200,8783.866,8776.866,0,0
06.06.2022 08:31:14.074 GMT+0200,8784.516,8777.516,0.0001,0
06.06.2022 08:31:26.871 GMT+0200,8784.966,8777.966,0,0
06.06.2022 08:31:34.265 GMT+0200,8786.416,8779.416,0,0
06.06.2022 08:31:39.126 GMT+0200,8786.916,8779.916,0,0
06.06.2022 08:31:39.387 GMT+0200,8787.516,8780.516,0,0
06.06.2022 08:31:59.461 GMT+0200,8786.816,8779.816,0,0
06.06.2022 08:32:01.397 GMT+0200,8788.016,8781.016,0.0001,0.0001
06.06.2022 08:32:01.708 GMT+0200,8788.966,8781.966,0,0
06.06.2022 08:32:37.558 GMT+0200,8789.126,8782.126,0,0
06.06.2022 08:32:37.682 GMT+0200,8788.866,8781.866,0,0
06.06.2022 08:33:07.102 GMT+0200,8788.566,8781.566,0,0
06.06.2022 08:33:07.319 GMT+0200,8787.626,8780.626,0,0
06.06.2022 08:33:07.508 GMT+0200,8788.126,8781.126,0,0
06.06.2022 08:33:11.474 GMT+0200,8786.816,8779.816,0,0
06.06.2022 08:33:27.019 GMT+0200,8788.126,8781.126,0,0
06.06.2022 08:33:59.218 GMT+0200,8787.016,8780.016,0,0
06.06.2022 08:34:01.895 GMT+0200,8787.366,8780.366,0,0
06.06.2022 08:34:18.869 GMT+0200,8785.866,8778.866,0,0
06.06.2022 08:36:00.372 GMT+0200,8785.366,8778.366,0,0
06.06.2022 08:36:00.714 GMT+0200,8784.866,8777.866,0,0
06.06.2022 08:36:01.267 GMT+0200,8784.316,8777.316,0,0
06.06.2022 08:36:05.891 GMT+0200,8784.966,8777.966,0,0
06.06.2022 08:37:26.044 GMT+0200,8785.566,8778.566,0,0
06.06.2022 08:37:26.189 GMT+0200,8786.626,8779.626,0,0
06.06.2022 08:37:42.124 GMT+0200,8786.516,8779.516,0,0
06.06.2022 08:38:06.008 GMT+0200,8785.916,8778.916,0,0
06.06.2022 08:40:10.181 GMT+0200,8787.566,8780.566,0,0
06.06.2022 08:41:57.859 GMT+0200,8787.916,8780.916,0,0
06.06.2022 08:42:08.904 GMT+0200,8787.466,8780.466,0,0
06.06.2022 08:42:12.136 GMT+0200,8787.966,8780.966,0,0
06.06.2022 08:42:15.492 GMT+0200,8787.416,8780.416,0,0
06.06.2022 08:44:36.598 GMT+0200,8787.126,8780.126,0,0
06.06.2022 08:44:37.014 GMT+0200,8785.316,8778.316,0,0
06.06.2022 08:44:37.459 GMT+0200,8785.866,8778.866,0,0.0001
06.06.2022 08:44:58.886 GMT+0200,8786.566,8779.566,0,0.0001
06.06.2022 08:45:00.514 GMT+0200,8786.626,8779.626,0,0.0001
06.06.2022 08:45:10.383 GMT+0200,8787.126,8780.126,0,0.0001
06.06.2022 08:46:24.920 GMT+0200,8787.626,8780.626,0,0
06.06.2022 08:46:25.166 GMT+0200,8787.316,8780.316,0,0
06.06.2022 08:46:49.113 GMT+0200,8786.866,8779.866,0,0
06.06.2022 08:46:49.292 GMT+0200,8786.016,8779.016,0,0
06.06.2022 08:47:05.271 GMT+0200,8786.816,8779.816,0,0
06.06.2022 08:47:05.678 GMT+0200,8787.566,8780.566,0,0
06.06.2022 08:47:06.212 GMT+0200,8786.966,8779.966,0,0
06.06.2022 08:47:16.439 GMT+0200,8786.566,8779.566,0,0
06.06.2022 08:47:16.560 GMT+0200,8786.066,8779.066,0,0.0001
06.06.2022 08:47:16.815 GMT+0200,8786.916,8779.916,0,0
06.06.2022 08:47:25.143 GMT+0200,8785.866,8778.866,0,0
06.06.2022 08:47:28.296 GMT+0200,8785.316,8778.316,0,0
06.06.2022 08:47:29.201 GMT+0200,8784.966,8777.966,0,0
06.06.2022 08:48:00.425 GMT+0200,8785.516,8778.516,0,0
06.06.2022 08:48:01.273 GMT+0200,8785.626,8778.626,0,0
06.06.2022 08:48:03.024 GMT+0200,8784.416,8777.416,0,0
06.06.2022 08:48:20.905 GMT+0200,8783.866,8776.866,0,0
06.06.2022 08:48:36.536 GMT+0200,8783.566,8776.566,0,0
06.06.2022 08:49:06.771 GMT+0200,8784.566,8777.566,0,0
06.06.2022 08:49:07.000 GMT+0200,8783.916,8776.916,0,0
06.06.2022 08:49:24.504 GMT+0200,8784.416,8777.416,0,0
06.06.2022 08:49:24.652 GMT+0200,8785.416,8778.416,0,0
06.06.2022 08:50:10.135 GMT+0200,8784.966,8777.966,0,0
06.06.2022 08:50:13.908 GMT+0200,8784.316,8777.316,0,0
06.06.2022 08:50:19.752 GMT+0200,8784.916,8777.916,0,0
06.06.2022 08:50:21.529 GMT+0200,8785.416,8778.416,0,0
06.06.2022 08:50:59.439 GMT+0200,8785.016,8778.016,0,0
06.06.2022 08:51:02.479 GMT+0200,8784.566,8777.566,0,0
06.06.2022 08:51:02.704 GMT+0200,8783.966,8776.966,0,0
06.06.2022 08:51:03.497 GMT+0200,8784.366,8777.366,0,0
06.06.2022 08:51:09.341 GMT+0200,8783.626,8776.626,0,0
06.06.2022 08:51:09.472 GMT+0200,8783.316,8776.316,0,0
06.06.2022 08:51:12.413 GMT+0200,8783.626,8776.626,0,0
06.06.2022 08:51:16.961 GMT+0200,8784.126,8777.126,0,0
06.06.2022 08:51:25.805 GMT+0200,8783.866,8776.866,0,0
06.06.2022 08:51:41.273 GMT+0200,8784.516,8777.516,0,0
06.06.2022 08:51:44.512 GMT+0200,8786.466,8779.466,0,0
06.06.2022 08:51:45.070 GMT+0200,8785.126,8778.126,0,0
06.06.2022 08:51:59.306 GMT+0200,8785.626,8778.626,0,0
06.06.2022 08:52:09.436 GMT+0200,8783.566,8776.566,0,0
06.06.2022 08:52:09.600 GMT+0200,8784.866,8777.866,0,0
06.06.2022 08:52:25.605 GMT+0200,8786.366,8779.366,0,0
06.06.2022 08:52:28.552 GMT+0200,8784.866,8777.866,0,0
06.06.2022 08:52:29.906 GMT+0200,8785.466,8778.466,0,0
06.06.2022 08:52:30.120 GMT+0200,8786.066,8779.066,0,0
06.06.2022 08:54:06.744 GMT+0200,8785.416,8778.416,0,0
06.06.2022 08:55:07.109 GMT+0200,8784.966,8777.966,0,0
06.06.2022 08:55:08.796 GMT+0200,8785.316,8778.316,0,0
06.06.2022 08:55:29.942 GMT+0200,8786.366,8779.366,0,0
06.06.2022 08:55:30.120 GMT+0200,8786.816,8779.816,0,0
06.06.2022 08:55:34.177 GMT+0200,8786.316,8779.316,0,0
06.06.2022 08:55:34.290 GMT+0200,8786.066,8779.066,0,0
06.06.2022 08:55:34.711 GMT+0200,8786.126,8779.126,0,0
06.06.2022 08:55:42.135 GMT+0200,8784.866,8777.866,0,0
06.06.2022 08:55:43.229 GMT+0200,8784.456,8777.456,0,0
06.06.2022 08:56:19.068 GMT+0200,8784.906,8777.906,0,0
06.06.2022 08:56:19.504 GMT+0200,8786.466,8779.466,0,0
06.06.2022 08:56:20.078 GMT+0200,8785.366,8778.366,0,0
06.06.2022 08:56:20.365 GMT+0200,8787.366,8780.366,0,0
06.06.2022 08:56:21.247 GMT+0200,8788.466,8781.466,0,0
06.06.2022 08:56:22.526 GMT+0200,8789.416,8782.416,0,0
06.06.2022 08:56:29.408 GMT+0200,8790.626,8783.626,0,0
06.06.2022 08:56:29.648 GMT+0200,8791.126,8784.126,0,0
06.06.2022 08:56:30.694 GMT+0200,8791.466,8784.466,0,0
06.06.2022 08:56:30.913 GMT+0200,8791.816,8784.816,0,0.0001
06.06.2022 08:56:43.514 GMT+0200,8792.816,8785.816,0,0
06.06.2022 08:56:43.879 GMT+0200,8792.566,8785.566,0,0
06.06.2022 08:57:00.735 GMT+0200,8791.516,8784.516,0,0
06.06.2022 08:57:13.403 GMT+0200,8787.966,8780.966,0,0
06.06.2022 08:57:20.573 GMT+0200,8787.466,8780.466,0,0
06.06.2022 08:57:23.557 GMT+0200,8788.016,8781.016,0,0
06.06.2022 08:57:35.450 GMT+0200,8790.366,8783.366,0,0
06.06.2022 08:57:35.584 GMT+0200,8791.066,8784.066,0,0
06.06.2022 08:57:44.535 GMT+0200,8791.466,8784.466,0,0
06.06.2022 08:57:44.777 GMT+0200,8792.516,8785.516,0,0
06.06.2022 08:57:51.446 GMT+0200,8791.966,8784.966,0,0
06.06.2022 08:57:54.085 GMT+0200,8792.366,8785.366,0,0
06.06.2022 08:58:42.956 GMT+0200,8792.066,8785.066,0,0
06.06.2022 08:58:56.094 GMT+0200,8791.316,8784.316,0,0
06.06.2022 08:59:46.288 GMT+0200,8791.016,8784.016,0,0
06.06.2022 08:59:47.143 GMT+0200,8787.866,8780.866,0,0
06.06.2022 08:59:47.363 GMT+0200,8788.366,8781.366,0,0
06.06.2022 08:59:48.178 GMT+0200,8787.966,8780.966,0,0
06.06.2022 08:59:50.116 GMT+0200,8787.566,8780.566,0,0
06.06.2022 08:59:50.239 GMT+0200,8787.966,8780.966,0,0
06.06.2022 08:59:50.429 GMT+0200,8789.126,8782.126,0,0
06.06.2022 08:59:51.879 GMT+0200,8787.916,8780.916,0,0
06.06.2022 08:59:52.232 GMT+0200,8788.366,8781.366,0,0
06.06.2022 08:59:53.111 GMT+0200,8789.466,8782.466,0,0
06.06.2022 08:59:53.898 GMT+0200,8789.016,8782.016,0,0
06.06.2022 08:59:54.099 GMT+0200,8789.366,8782.366,0,0
06.06.2022 08:59:57.083 GMT+0200,8790.066,8783.066,0,0
06.06.2022 08:59:58.528 GMT+0200,8789.366,8782.366,0,0
06.06.2022 09:00:00.199 GMT+0200,8790.066,8783.066,0,0
06.06.2022 09:00:00.308 GMT+0200,8788.366,8781.366,0,0
06.06.2022 09:00:00.475 GMT+0200,8786.806,8779.806,0,0
06.06.2022 09:00:00.580 GMT+0200,8787.966,8780.966,0,0
06.06.2022 09:00:00.735 GMT+0200,8787.516,8780.516,0,0
06.06.2022 09:00:01.275 GMT+0200,8787.816,8780.816,0,0.0001
06.06.2022 09:00:02.173 GMT+0200,8788.416,8781.416,0,0.0001
06.06.2022 09:00:03.551 GMT+0200,8789.066,8782.066,0,0.0001
06.06.2022 09:00:04.266 GMT+0200,8789.516,8782.516,0.0001,0.0001
06.06.2022 09:00:04.539 GMT+0200,8790.016,8783.016,0,0.0001
06.06.2022 09:00:05.801 GMT+0200,8791.126,8784.126,0,0.0001
06.06.2022 09:00:06.150 GMT+0200,8789.126,8782.126,0,0
06.06.2022 09:00:07.573 GMT+0200,8789.066,8782.066,0,0
06.06.2022 09:00:08.085 GMT+0200,8789.516,8782.516,0,0
06.06.2022 09:00:08.571 GMT+0200,8787.816,8780.816,0,0
06.06.2022 09:00:09.087 GMT+0200,8789.016,8782.016,0,0
06.06.2022 09:00:09.190 GMT+0200,8790.626,8783.626,0,0
06.06.2022 09:00:09.317 GMT+0200,8789.316,8782.316,0,0
06.06.2022 09:00:09.474 GMT+0200,8790.066,8783.066,0,0
06.06.2022 09:00:09.971 GMT+0200,8790.416,8783.416,0,0
06.06.2022 09:00:10.992 GMT+0200,8790.916,8783.916,0,0
06.06.2022 09:00:13.367 GMT+0200,8790.566,8783.566,0,0
06.06.2022 09:00:13.504 GMT+0200,8790.916,8783.916,0,0
06.06.2022 09:00:13.847 GMT+0200,8792.126,8785.126,0,0
06.06.2022 09:00:14.154 GMT+0200,8790.816,8783.816,0,0
06.06.2022 09:00:16.219 GMT+0200,8793.566,8786.566,0,0
06.06.2022 09:00:16.415 GMT+0200,8795.066,8788.066,0,0
06.06.2022 09:00:17.224 GMT+0200,8795.316,8788.316,0,0.0001
06.06.2022 09:00:17.338 GMT+0200,8795.966,8788.966,0,0.0001
06.06.2022 09:00:17.476 GMT+0200,8795.066,8788.066,0,0.0001
06.06.2022 09:00:27.985 GMT+0200,8793.516,8786.516,0,0
06.06.2022 09:00:28.222 GMT+0200,8793.626,8786.626,0,0
06.06.2022 09:00:30.187 GMT+0200,8792.316,8785.316,0,0
06.06.2022 09:00:30.383 GMT+0200,8788.866,8781.866,0,0
06.06.2022 09:00:30.627 GMT+0200,8789.466,8782.466,0,0
06.06.2022 09:00:30.755 GMT+0200,8789.966,8782.966,0,0
06.06.2022 09:00:31.008 GMT+0200,8790.916,8783.916,0,0
06.06.2022 09:00:31.302 GMT+0200,8793.966,8786.966,0,0
06.06.2022 09:00:31.461 GMT+0200,8793.626,8786.626,0,0
06.06.2022 09:00:31.735 GMT+0200,8792.366,8785.366,0,0
06.06.2022 09:00:31.842 GMT+0200,8794.126,8787.126,0,0
06.06.2022 09:00:33.035 GMT+0200,8794.866,8787.866,0,0
06.06.2022 09:00:33.513 GMT+0200,8795.866,8788.866,0,0
06.06.2022 09:00:35.110 GMT+0200,8796.416,8789.416,0.0001,0.0001
06.06.2022 09:00:35.619 GMT+0200,8795.466,8788.466,0,0
06.06.2022 09:00:35.857 GMT+0200,8795.866,8788.866,0,0
06.06.2022 09:00:38.759 GMT+0200,8795.316,8788.316,0,0
06.06.2022 09:00:39.096 GMT+0200,8795.866,8788.866,0,0
06.06.2022 09:00:44.234 GMT+0200,8795.516,8788.516,0.0001,0
06.06.2022 09:00:44.359 GMT+0200,8795.916,8788.916,0,0
06.06.2022 09:00:45.388 GMT+0200,8796.516,8789.516,0,0
06.06.2022 09:00:45.547 GMT+0200,8797.516,8790.516,0,0
06.06.2022 09:00:48.247 GMT+0200,8798.916,8791.916,0,0
06.06.2022 09:00:48.882 GMT+0200,8799.566,8792.566,0,0
06.06.2022 09:00:49.185 GMT+0200,8800.816,8793.816,0,0
06.06.2022 09:00:49.337 GMT+0200,8799.966,8792.966,0,0
06.06.2022 09:00:50.521 GMT+0200,8800.416,8793.416,0,0
06.06.2022 09:00:50.647 GMT+0200,8801.466,8794.466,0,0
06.06.2022 09:00:51.231 GMT+0200,8802.366,8795.366,0,0.0001
06.06.2022 09:00:51.355 GMT+0200,8803.066,8796.066,0,0
06.06.2022 09:00:51.479 GMT+0200,8803.316,8796.316,0,0.0001
06.06.2022 09:00:51.632 GMT+0200,8804.066,8797.066,0,0.0001
06.06.2022 09:00:51.860 GMT+0200,8804.316,8797.316,0.0001,0
06.06.2022 09:00:52.080 GMT+0200,8805.626,8798.626,0.0001,0
06.06.2022 09:01:01.747 GMT+0200,8805.866,8798.866,0,0.0001
06.06.2022 09:01:03.036 GMT+0200,8805.416,8798.416,0,0.0001
06.06.2022 09:01:05.754 GMT+0200,8804.816,8797.816,0,0.0001
06.06.2022 09:01:06.098 GMT+0200,8805.866,8798.866,0,0.0001
06.06.2022 09:01:07.040 GMT+0200,8804.516,8797.516,0,0
06.06.2022 09:01:07.383 GMT+0200,8804.866,8797.866,0,0
06.06.2022 09:01:08.301 GMT+0200,8805.466,8798.466,0,0
06.06.2022 09:01:08.451 GMT+0200,8805.916,8798.916,0,0
06.06.2022 09:01:08.657 GMT+0200,8804.916,8797.916,0,0
06.06.2022 09:01:09.147 GMT+0200,8805.416,8798.416,0,0
06.06.2022 09:01:09.278 GMT+0200,8805.066,8798.066,0,0
06.06.2022 09:01:11.126 GMT+0200,8805.126,8798.126,0,0
06.06.2022 09:01:11.269 GMT+0200,8805.366,8798.366,0,0
06.06.2022 09:01:11.711 GMT+0200,8805.066,8798.066,0,0
06.06.2022 09:01:12.248 GMT+0200,8805.126,8798.126,0,0
06.06.2022 09:01:12.395 GMT+0200,8803.966,8796.966,0,0
06.06.2022 09:01:13.612 GMT+0200,8803.416,8796.416,0,0.0001
06.06.2022 09:01:15.458 GMT+0200,8804.416,8797.416,0,0.0001
06.06.2022 09:01:15.581 GMT+0200,8804.916,8797.916,0,0.0001
06.06.2022 09:01:15.697 GMT+0200,8805.316,8798.316,0,0
06.06.2022 09:01:16.079 GMT+0200,8805.816,8798.816,0,0
06.06.2022 09:01:16.552 GMT+0200,8805.066,8798.066,0,0
06.06.2022 09:01:19.749 GMT+0200,8803.816,8796.816,0,0
06.06.2022 09:01:20.017 GMT+0200,8805.626,8798.626,0,0
06.06.2022 09:01:20.430 GMT+0200,8805.966,8798.966,0,0
06.06.2022 09:01:20.904 GMT+0200,8806.126,8799.126,0,0
06.06.2022 09:01:21.156 GMT+0200,8804.966,8797.966,0,0
06.06.2022 09:01:25.765 GMT+0200,8805.416,8798.416,0,0
06.06.2022 09:01:25.929 GMT+0200,8805.816,8798.816,0.0001,0
06.06.2022 09:01:30.975 GMT+0200,8805.066,8798.066,0.0001,0
06.06.2022 09:01:32.910 GMT+0200,8806.626,8799.626,0.0001,0
06.06.2022 09:01:34.749 GMT+0200,8806.866,8799.866,0,0
06.06.2022 09:01:35.875 GMT+0200,8806.466,8799.466,0,0
06.06.2022 09:01:36.531 GMT+0200,8806.916,8799.916,0,0
06.06.2022 09:01:38.699 GMT+0200,8806.566,8799.566,0,0
06.06.2022 09:01:38.854 GMT+0200,8805.966,8798.966,0,0
06.06.2022 09:01:43.675 GMT+0200,8806.366,8799.366,0,0
06.06.2022 09:01:44.080 GMT+0200,8806.866,8799.866,0,0
06.06.2022 09:01:44.822 GMT+0200,8806.566,8799.566,0,0
06.06.2022 09:01:45.753 GMT+0200,8805.916,8798.916,0,0
06.06.2022 09:01:49.652 GMT+0200,8805.366,8798.366,0,0
06.06.2022 09:01:49.796 GMT+0200,8805.626,8798.626,0,0
06.06.2022 09:01:50.745 GMT+0200,8804.126,8797.126,0,0
06.06.2022 09:01:50.895 GMT+0200,8802.016,8795.016,0,0
06.06.2022 09:01:51.509 GMT+0200,8802.316,8795.316,0,0
06.06.2022 09:01:51.626 GMT+0200,8802.866,8795.866,0,0
06.06.2022 09:01:52.941 GMT+0200,8801.816,8794.816,0,0
06.06.2022 09:01:54.740 GMT+0200,8802.416,8795.416,0,0
06.06.2022 09:01:55.656 GMT+0200,8801.916,8794.916,0,0
06.06.2022 09:01:55.948 GMT+0200,8802.466,8795.466,0,0
06.06.2022 09:01:56.165 GMT+0200,8803.626,8796.626,0,0
06.06.2022 09:01:57.038 GMT+0200,8802.316,8795.316,0,0
06.06.2022 09:01:57.311 GMT+0200,8801.966,8794.966,0,0
06.06.2022 09:01:59.535 GMT+0200,8800.626,8793.626,0,0
06.06.2022 09:02:00.666 GMT+0200,8799.366,8792.366,0,0
06.06.2022 09:02:00.770 GMT+0200,8798.966,8791.966,0,0
06.06.2022 09:02:02.229 GMT+0200,8797.066,8790.066,0,0
06.06.2022 09:02:03.074 GMT+0200,8796.366,8789.366,0,0
06.06.2022 09:02:03.331 GMT+0200,8796.966,8789.966,0,0
06.06.2022 09:02:03.455 GMT+0200,8795.516,8788.516,0,0
06.06.2022 09:02:03.614 GMT+0200,8795.916,8788.916,0,0
06.06.2022 09:02:03.911 GMT+0200,8796.816,8789.816,0,0
06.06.2022 09:02:04.165 GMT+0200,8795.626,8788.626,0,0
06.06.2022 09:02:04.669 GMT+0200,8795.916,8788.916,0,0.0001
06.06.2022 09:02:05.070 GMT+0200,8794.516,8787.516,0,0
06.06.2022 09:02:05.221 GMT+0200,8793.916,8786.916,0,0
06.06.2022 09:02:07.095 GMT+0200,8794.416,8787.416,0,0.0001
06.06.2022 09:02:07.277 GMT+0200,8795.626,8788.626,0,0.0001
06.06.2022 09:02:10.573 GMT+0200,8795.816,8788.816,0,0
06.06.2022 09:02:11.602 GMT+0200,8797.016,8790.016,0,0
06.06.2022 09:02:14.166 GMT+0200,8796.626,8789.626,0,0
06.06.2022 09:02:15.962 GMT+0200,8796.916,8789.916,0,0
06.06.2022 09:02:17.530 GMT+0200,8797.416,8790.416,0,0
06.06.2022 09:02:18.136 GMT+0200,8796.916,8789.916,0,0
06.06.2022 09:02:18.364 GMT+0200,8798.126,8791.126,0,0
06.06.2022 09:02:18.512 GMT+0200,8796.916,8789.916,0,0
06.06.2022 09:02:18.845 GMT+0200,8797.866,8790.866,0,0
06.06.2022 09:02:20.240 GMT+0200,8798.366,8791.366,0,0
06.06.2022 09:02:20.353 GMT+0200,8799.066,8792.066,0,0
06.06.2022 09:02:27.331 GMT+0200,8799.866,8792.866,0,0
06.06.2022 09:02:30.537 GMT+0200,8800.516,8793.516,0,0
06.06.2022 09:02:31.100 GMT+0200,8800.816,8793.816,0,0
06.06.2022 09:02:31.867 GMT+0200,8801.516,8794.516,0,0
06.06.2022 09:02:32.134 GMT+0200,8801.866,8794.866,0,0
06.06.2022 09:02:33.475 GMT+0200,8800.966,8793.966,0,0
06.06.2022 09:02:33.675 GMT+0200,8800.516,8793.516,0,0
06.06.2022 09:02:33.938 GMT+0200,8800.916,8793.916,0,0
06.06.2022 09:02:37.270 GMT+0200,8800.016,8793.016,0,0
06.06.2022 09:02:46.395 GMT+0200,8799.366,8792.366,0,0
06.06.2022 09:02:47.685 GMT+0200,8798.916,8791.916,0,0
06.06.2022 09:02:54.551 GMT+0200,8798.626,8791.626,0,0
06.06.2022 09:02:59.740 GMT+0200,8796.916,8789.916,0,0
06.06.2022 09:03:00.375 GMT+0200,8797.866,8790.866,0,0
06.06.2022 09:03:02.754 GMT+0200,8796.626,8789.626,0,0
06.06.2022 09:03:03.764 GMT+0200,8794.866,8787.866,0,0
06.06.2022 09:03:05.724 GMT+0200,8793.626,8786.626,0,0
06.06.2022 09:03:05.863 GMT+0200,8793.566,8786.566,0,0
06.06.2022 09:03:06.128 GMT+0200,8792.866,8785.866,0,0
06.06.2022 09:03:18.620 GMT+0200,8792.516,8785.516,0,0
06.06.2022 09:03:19.095 GMT+0200,8791.916,8784.916,0,0
06.06.2022 09:03:19.244 GMT+0200,8791.066,8784.066,0,0
06.06.2022 09:03:19.359 GMT+0200,8792.126,8785.126,0,0
06.06.2022 09:03:19.906 GMT+0200,8792.066,8785.066,0,0.0001
06.06.2022 09:03:20.265 GMT+0200,8791.416,8784.416,0,0.0001
06.06.2022 09:03:20.380 GMT+0200,8790.866,8783.866,0,0
06.06.2022 09:03:20.800 GMT+0200,8791.816,8784.816,0,0
06.06.2022 09:03:21.436 GMT+0200,8790.916,8783.916,0,0
06.06.2022 09:03:21.798 GMT+0200,8792.626,8785.626,0,0
06.06.2022 09:03:23.921 GMT+0200,8791.316,8784.316,0,0
06.06.2022 09:03:24.023 GMT+0200,8789.316,8782.316,0,0
06.06.2022 09:03:24.163 GMT+0200,8789.916,8782.916,0,0
06.06.2022 09:03:30.786 GMT+0200,8789.616,8782.616,0,0
06.06.2022 09:03:36.173 GMT+0200,8788.356,8781.356,0,0
06.06.2022 09:03:36.299 GMT+0200,8787.856,8780.856,0,0
06.06.2022 09:03:39.176 GMT+0200,8786.906,8779.906,0,0
06.06.2022 09:03:48.149 GMT+0200,8787.406,8780.406,0,0
06.06.2022 09:03:51.291 GMT+0200,8787.616,8780.616,0.0001,0
06.06.2022 09:03:52.031 GMT+0200,8786.506,8779.506,0.0001,0
06.06.2022 09:03:53.631 GMT+0200,8786.056,8779.056,0,0
06.06.2022 09:03:56.772 GMT+0200,8786.306,8779.306,0,0
06.06.2022 09:03:56.903 GMT+0200,8786.856,8779.856,0,0
06.06.2022 09:03:58.673 GMT+0200,8784.806,8777.806,0,0
06.06.2022 09:03:58.788 GMT+0200,8786.116,8779.116,0,0
06.06.2022 09:03:59.075 GMT+0200,8785.906,8778.906,0,0
06.06.2022 09:04:00.299 GMT+0200,8786.306,8779.306,0,0
06.06.2022 09:04:00.848 GMT+0200,8786.856,8779.856,0,0
06.06.2022 09:04:03.885 GMT+0200,8788.616,8781.616,0,0
06.06.2022 09:04:05.328 GMT+0200,8788.506,8781.506,0,0
06.06.2022 09:04:05.445 GMT+0200,8789.616,8782.616,0,0
06.06.2022 09:04:05.577 GMT+0200,8789.566,8782.566,0,0
06.06.2022 09:04:06.067 GMT+0200,8789.816,8782.816,0,0
06.06.2022 09:04:07.639 GMT+0200,8788.956,8781.956,0,0
06.06.2022 09:04:08.399 GMT+0200,8787.856,8780.856,0,0
06.06.2022 09:04:13.102 GMT+0200,8787.456,8780.456,0,0
06.06.2022 09:04:13.269 GMT+0200,8787.616,8780.616,0,0
06.06.2022 09:04:15.002 GMT+0200,8786.616,8779.616,0,0
06.06.2022 09:04:16.298 GMT+0200,8787.856,8780.856,0,0
06.06.2022 09:04:16.735 GMT+0200,8788.906,8781.906,0,0
06.06.2022 09:04:16.871 GMT+0200,8789.566,8782.566,0,0
06.06.2022 09:04:17.013 GMT+0200,8788.856,8781.856,0,0
06.06.2022 09:04:18.435 GMT+0200,8788.306,8781.306,0,0
06.06.2022 09:04:18.778 GMT+0200,8787.906,8780.906,0,0.0001
06.06.2022 09:04:20.158 GMT+0200,8787.356,8780.356,0,0
06.06.2022 09:04:20.319 GMT+0200,8785.806,8778.806,0,0
06.06.2022 09:04:20.859 GMT+0200,8786.856,8779.856,0,0
06.06.2022 09:04:42.898 GMT+0200,8787.556,8780.556,0,0.0001
06.06.2022 09:04:42.999 GMT+0200,8786.956,8779.956,0,0.0001
06.06.2022 09:04:43.110 GMT+0200,8787.356,8780.356,0,0.0001
06.06.2022 09:04:43.234 GMT+0200,8788.006,8781.006,0,0.0001
06.06.2022 09:04:44.196 GMT+0200,8788.906,8781.906,0,0
06.06.2022 09:04:44.312 GMT+0200,8787.806,8780.806,0,0
06.06.2022 09:04:44.415 GMT+0200,8787.456,8780.456,0,0
06.06.2022 09:04:44.529 GMT+0200,8788.056,8781.056,0.0001,0
06.06.2022 09:04:45.871 GMT+0200,8788.406,8781.406,0,0.0001
06.06.2022 09:04:46.119 GMT+0200,8787.856,8780.856,0,0.0001
06.06.2022 09:04:48.436 GMT+0200,8788.556,8781.556,0,0.0001
06.06.2022 09:04:49.549 GMT+0200,8787.856,8780.856,0,0.0001
06.06.2022 09:04:51.074 GMT+0200,8789.116,8782.116,0,0.0001
06.06.2022 09:04:51.182 GMT+0200,8788.906,8781.906,0,0.0001
06.06.2022 09:04:51.743 GMT+0200,8789.866,8782.866,0,0.0001
06.06.2022 09:04:56.598 GMT+0200,8789.056,8782.056,0,0
06.06.2022 09:05:03.232 GMT+0200,8787.956,8780.956,0,0.0001
06.06.2022 09:05:06.464 GMT+0200,8786.406,8779.406,0,0
06.06.2022 09:05:08.171 GMT+0200,8786.806,8779.806,0,0.0001
06.06.2022 09:05:09.438 GMT+0200,8786.306,8779.306,0,0
06.06.2022 09:05:09.710 GMT+0200,8785.856,8778.856,0,0
06.06.2022 09:05:17.698 GMT+0200,8786.456,8779.456,0,0.0001
06.06.2022 09:05:17.855 GMT+0200,8786.616,8779.616,0,0.0001
06.06.2022 09:05:20.731 GMT+0200,8787.116,8780.116,0,0
06.06.2022 09:05:21.238 GMT+0200,8785.806,8778.806,0,0
06.06.2022 09:05:21.356 GMT+0200,8785.056,8778.056,0,0.0001
06.06.2022 09:05:27.267 GMT+0200,8785.506,8778.506,0.0001,0
06.06.2022 09:05:27.670 GMT+0200,8786.056,8779.056,0,0
06.06.2022 09:05:29.318 GMT+0200,8785.616,8778.616,0,0
06.06.2022 09:05:31.790 GMT+0200,8785.906,8778.906,0,0
06.06.2022 09:05:36.625 GMT+0200,8785.456,8778.456,0.0001,0
06.06.2022 09:05:37.563 GMT+0200,8784.556,8777.556,0,0
06.06.2022 09:05:37.687 GMT+0200,8784.806,8777.806,0,0
06.06.2022 09:05:39.534 GMT+0200,8785.116,8778.116,0,0
06.06.2022 09:05:40.368 GMT+0200,8784.906,8777.906,0,0
06.06.2022 09:05:40.483 GMT+0200,8785.306,8778.306,0,0
06.06.2022 09:05:41.068 GMT+0200,8785.006,8778.006,0,0
06.06.2022 09:05:44.893 GMT+0200,8783.506,8776.506,0,0
06.06.2022 09:05:45.337 GMT+0200,8784.506,8777.506,0,0
06.06.2022 09:05:45.501 GMT+0200,8784.116,8777.116,0,0
06.06.2022 09:05:45.988 GMT+0200,8784.056,8777.056,0,0
06.06.2022 09:05:46.969 GMT+0200,8783.406,8776.406,0,0
06.06.2022 09:06:53.183 GMT+0200,8786.506,8779.506,0,0
06.06.2022 09:06:55.652 GMT+0200,8787.056,8780.056,0,0
06.06.2022 09:06:56.150 GMT+0200,8787.456,8780.456,0.0001,0
06.06.2022 09:06:56.896 GMT+0200,8786.956,8779.956,0,0
06.06.2022 09:06:59.384 GMT+0200,8788.056,8781.056,0,0
06.06.2022 09:07:00.212 GMT+0200,8787.406,8780.406,0,0
06.06.2022 09:07:00.479 GMT+0200,8788.556,8781.556,0,0
06.06.2022 09:07:00.665 GMT+0200,8788.056,8781.056,0,0
06.06.2022 09:07:01.156 GMT+0200,8787.506,8780.506,0,0
06.06.2022 09:07:01.952 GMT+0200,8786.856,8779.856,0,0
06.06.2022 09:07:03.704 GMT+0200,8787.306,8780.306,0.0001,0
06.06.2022 09:07:03.847 GMT+0200,8787.056,8780.056,0.0001,0
06.06.2022 09:07:04.140 GMT+0200,8786.816,8779.816,0.0001,0
06.06.2022 09:07:06.417 GMT+0200,8786.856,8779.856,0.0001,0
06.06.2022 09:07:07.331 GMT+0200,8788.556,8781.556,0,0
06.06.2022 09:07:10.683 GMT+0200,8788.806,8781.806,0,0
06.06.2022 09:07:12.167 GMT+0200,8788.346,8781.346,0,0
06.06.2022 09:07:13.519 GMT+0200,8789.046,8782.046,0,0
06.06.2022 09:07:16.159 GMT+0200,8788.046,8781.046,0.0001,0
06.06.2022 09:07:20.155 GMT+0200,8787.296,8780.296,0,0
06.06.2022 09:07:20.759 GMT+0200,8788.046,8781.046,0,0
06.06.2022 09:07:21.162 GMT+0200,8788.296,8781.296,0,0
06.06.2022 09:07:21.265 GMT+0200,8788.946,8781.946,0,0
06.06.2022 09:07:22.733 GMT+0200,8789.296,8782.296,0,0
06.06.2022 09:07:24.218 GMT+0200,8789.336,8782.336,0,0
06.06.2022 09:07:24.374 GMT+0200,8788.336,8781.336,0,0
06.06.2022 09:07:30.140 GMT+0200,8788.936,8781.936,0,0
06.06.2022 09:07:31.195 GMT+0200,8787.986,8780.986,0.0001,0
06.06.2022 09:07:34.167 GMT+0200,8787.976,8780.976,0,0
06.06.2022 09:07:37.593 GMT+0200,8788.476,8781.476,0,0
06.06.2022 09:07:37.712 GMT+0200,8789.586,8782.586,0,0
06.06.2022 09:07:39.020 GMT+0200,8789.086,8782.086,0,0
06.06.2022 09:07:40.985 GMT+0200,8787.476,8780.476,0,0
06.06.2022 09:07:42.040 GMT+0200,8787.826,8780.826,0,0
06.06.2022 09:07:44.035 GMT+0200,8787.916,8780.916,0,0
06.06.2022 09:07:56.003 GMT+0200,8788.466,8781.466,0,0
06.06.2022 09:08:00.341 GMT+0200,8788.576,8781.576,0.0001,0
06.06.2022 09:08:00.908 GMT+0200,8787.266,8780.266,0.0001,0
06.06.2022 09:08:02.609 GMT+0200,8786.766,8779.766,0,0
06.06.2022 09:08:03.120 GMT+0200,8786.366,8779.366,0,0
06.06.2022 09:08:03.721 GMT+0200,8785.816,8778.816,0,0
06.06.2022 09:08:04.050 GMT+0200,8785.976,8778.976,0.0001,0
06.06.2022 09:08:04.581 GMT+0200,8784.776,8777.776,0.0001,0
06.06.2022 09:08:04.696 GMT+0200,8784.526,8777.526,0.0001,0
06.06.2022 09:08:05.022 GMT+0200,8784.826,8777.826,0.0001,0
06.06.2022 09:08:06.928 GMT+0200,8786.086,8779.086,0,0
06.06.2022 09:08:07.181 GMT+0200,8786.026,8779.026,0,0
06.06.2022 09:08:09.666 GMT+0200,8786.376,8779.376,0,0
06.06.2022 09:08:10.189 GMT+0200,8786.026,8779.026,0.0001,0
06.06.2022 09:08:10.462 GMT+0200,8785.476,8778.476,0.0001,0
06.06.2022 09:08:10.731 GMT+0200,8785.976,8778.976,0,0
06.06.2022 09:08:15.411 GMT+0200,8784.926,8777.926,0,0
06.06.2022 09:08:20.586 GMT+0200,8785.426,8778.426,0,0
06.06.2022 09:08:20.718 GMT+0200,8784.876,8777.876,0,0
06.06.2022 09:08:22.063 GMT+0200,8784.326,8777.326,0,0
06.06.2022 09:08:22.224 GMT+0200,8785.026,8778.026,0,0
06.06.2022 09:08:22.344 GMT+0200,8785.976,8778.976,0,0
06.06.2022 09:08:25.175 GMT+0200,8785.476,8778.476,0,0
06.06.2022 09:08:26.102 GMT+0200,8784.976,8777.976,0.0001,0
06.06.2022 09:08:27.067 GMT+0200,8785.326,8778.326,0,0.0001
06.06.2022 09:08:27.198 GMT+0200,8785.826,8778.826,0,0
06.06.2022 09:08:27.482 GMT+0200,8786.376,8779.376,0,0
06.06.2022 09:08:27.608 GMT+0200,8786.026,8779.026,0,0
06.06.2022 09:08:28.790 GMT+0200,8785.526,8778.526,0,0
06.06.2022 09:08:28.968 GMT+0200,8784.976,8777.976,0,0
06.06.2022 09:08:31.787 GMT+0200,8785.976,8778.976,0,0.0001
06.06.2022 09:08:31.908 GMT+0200,8784.926,8777.926,0,0.0001
06.06.2022 09:08:32.617 GMT+0200,8784.376,8777.376,0,0
06.06.2022 09:08:34.415 GMT+0200,8783.826,8776.826,0.0001,0
06.06.2022 09:08:34.535 GMT+0200,8783.326,8776.326,0.0001,0
06.06.2022 09:08:34.727 GMT+0200,8783.876,8776.876,0.0001,0
06.06.2022 09:08:36.044 GMT+0200,8783.966,8776.966,0,0
06.06.2022 09:08:36.317 GMT+0200,8782.966,8775.966,0,0
06.06.2022 09:08:40.111 GMT+0200,8783.366,8776.366,0,0
06.06.2022 09:08:41.542 GMT+0200,8783.576,8776.576,0,0
06.06.2022 09:08:46.328 GMT+0200,8783.866,8776.866,0,0
06.06.2022 09:08:46.453 GMT+0200,8783.366,8776.366,0,0
06.06.2022 09:08:47.320 GMT+0200,8784.366,8777.366,0,0
06.06.2022 09:08:47.675 GMT+0200,8783.816,8776.816,0,0
06.06.2022 09:08:48.199 GMT+0200,8784.566,8777.566,0.0001,0
06.06.2022 09:08:48.809 GMT+0200,8784.516,8777.516,0,0
06.06.2022 09:08:50.349 GMT+0200,8785.066,8778.066,0,0
06.06.2022 09:08:51.377 GMT+0200,8785.566,8778.566,0,0
06.06.2022 09:08:52.529 GMT+0200,8785.406,8778.406,0,0
06.06.2022 09:08:52.817 GMT+0200,8785.806,8778.806,0,0
06.06.2022 09:08:53.358 GMT+0200,8786.306,8779.306,0,0
06.06.2022 09:08:54.513 GMT+0200,8786.346,8779.346,0,0
06.06.2022 09:08:56.597 GMT+0200,8786.796,8779.796,0,0
06.06.2022 09:08:58.308 GMT+0200,8788.556,8781.556,0,0
06.06.2022 09:08:58.673 GMT+0200,8786.796,8779.796,0,0
06.06.2022 09:09:00.431 GMT+0200,8788.056,8781.056,0,0
06.06.2022 09:09:00.533 GMT+0200,8786.746,8779.746,0,0
06.06.2022 09:09:02.182 GMT+0200,8786.936,8779.936,0,0
06.06.2022 09:09:02.884 GMT+0200,8785.836,8778.836,0.0001,0
06.06.2022 09:09:03.127 GMT+0200,8786.736,8779.736,0,0
06.06.2022 09:09:04.459 GMT+0200,8785.986,8778.986,0,0
06.06.2022 09:09:05.780 GMT+0200,8786.236,8779.236,0,0
06.06.2022 09:09:06.247 GMT+0200,8786.836,8779.836,0,0
06.06.2022 09:09:06.752 GMT+0200,8785.836,8778.836,0,0
06.06.2022 09:09:08.167 GMT+0200,8785.876,8778.876,0,0
06.06.2022 09:09:11.265 GMT+0200,8787.036,8780.036,0,0
06.06.2022 09:09:11.704 GMT+0200,8786.776,8779.776,0,0
06.06.2022 09:09:13.900 GMT+0200,8786.476,8779.476,0,0
06.06.2022 09:09:14.311 GMT+0200,8786.466,8779.466,0,0
06.06.2022 09:09:14.768 GMT+0200,8785.766,8778.766,0,0
06.06.2022 09:09:20.564 GMT+0200,8786.916,8779.916,0,0
06.06.2022 09:09:25.580 GMT+0200,8786.316,8779.316,0,0
06.06.2022 09:09:26.492 GMT+0200,8785.716,8778.716,0.0001,0
06.06.2022 09:09:31.656 GMT+0200,8784.756,8777.756,0,0
06.06.2022 09:09:35.267 GMT+0200,8784.306,8777.306,0,0
06.06.2022 09:09:38.705 GMT+0200,8784.906,8777.906,0,0
06.06.2022 09:09:40.719 GMT+0200,8784.696,8777.696,0,0
06.06.2022 09:09:42.808 GMT+0200,8784.246,8777.246,0,0
06.06.2022 09:09:42.932 GMT+0200,8784.796,8777.796,0,0
06.06.2022 09:09:43.648 GMT+0200,8786.006,8779.006,0,0
06.06.2022 09:09:43.751 GMT+0200,8785.846,8778.846,0,0
06.06.2022 09:09:46.096 GMT+0200,8785.736,8778.736,0,0
06.06.2022 09:09:50.270 GMT+0200,8785.776,8778.776,0,0
06.06.2022 09:09:54.077 GMT+0200,8785.866,8778.866,0.0001,0
06.06.2022 09:09:55.974 GMT+0200,8786.166,8779.166,0,0
06.06.2022 09:09:56.256 GMT+0200,8786.866,8779.866,0,0
06.06.2022 09:09:57.534 GMT+0200,8785.716,8778.716,0,0
06.06.2022 09:09:58.061 GMT+0200,8786.466,8779.466,0,0
06.06.2022 09:10:02.296 GMT+0200,8785.206,8778.206,0,0
06.06.2022 09:10:02.854 GMT+0200,8785.806,8778.806,0,0
06.06.2022 09:10:03.260 GMT+0200,8785.966,8778.966,0,0
06.06.2022 09:10:03.403 GMT+0200,8784.806,8777.806,0,0
06.06.2022 09:10:04.200 GMT+0200,8785.806,8778.806,0,0
06.06.2022 09:10:04.423 GMT+0200,8786.156,8779.156,0,0
06.06.2022 09:10:05.299 GMT+0200,8786.756,8779.756,0,0
06.06.2022 09:10:06.236 GMT+0200,8786.796,8779.796,0,0
06.06.2022 09:10:08.016 GMT+0200,8787.396,8780.396,0,0
06.06.2022 09:10:08.270 GMT+0200,8787.796,8780.796,0.0001,0
06.06.2022 09:10:09.344 GMT+0200,8786.696,8779.696,0.0001,0
06.06.2022 09:10:10.305 GMT+0200,8786.636,8779.636,0,0
06.06.2022 09:10:16.519 GMT+0200,8787.186,8780.186,0,0
06.06.2022 09:10:17.670 GMT+0200,8788.446,8781.446,0,0
06.06.2022 09:10:18.037 GMT+0200,8787.876,8780.876,0,0
06.06.2022 09:10:22.156 GMT+0200,8787.176,8780.176,0,0
06.06.2022 09:10:22.392 GMT+0200,8786.626,8779.626,0,0
06.06.2022 09:10:25.346 GMT+0200,8786.176,8779.176,0,0
06.06.2022 09:10:25.751 GMT+0200,8787.436,8780.436,0,0
06.06.2022 09:10:32.224 GMT+0200,8786.816,8779.816,0,0
06.06.2022 09:10:33.849 GMT+0200,8785.866,8778.866,0,0
06.06.2022 09:10:34.231 GMT+0200,8786.816,8779.816,0,0
06.06.2022 09:10:34.674 GMT+0200,8786.316,8779.316,0.0001,0
06.06.2022 09:10:34.963 GMT+0200,8786.426,8779.426,0.0001,0
06.06.2022 09:10:35.086 GMT+0200,8786.926,8779.926,0,0
06.06.2022 09:10:35.292 GMT+0200,8785.316,8778.316,0,0
06.06.2022 09:10:35.403 GMT+0200,8784.816,8777.816,0,0
06.06.2022 09:10:36.466 GMT+0200,8783.266,8776.266,0,0
06.06.2022 09:10:36.872 GMT+0200,8782.716,8775.716,0,0
06.06.2022 09:10:37.369 GMT+0200,8782.366,8775.366,0,0
06.06.2022 09:10:38.307 GMT+0200,8781.216,8774.216,0,0
06.06.2022 09:10:38.413 GMT+0200,8782.426,8775.426,0,0
06.06.2022 09:10:39.592 GMT+0200,8781.266,8774.266,0,0
06.06.2022 09:10:39.710 GMT+0200,8780.666,8773.666,0,0
06.06.2022 09:10:43.703 GMT+0200,8779.866,8772.866,0,0
06.06.2022 09:10:44.069 GMT+0200,8779.676,8772.676,0,0
06.06.2022 09:10:44.275 GMT+0200,8780.676,8773.676,0,0
06.06.2022 09:10:44.379 GMT+0200,8780.436,8773.436,0,0
06.06.2022 09:10:50.030 GMT+0200,8779.936,8772.936,0,0
06.06.2022 09:10:50.467 GMT+0200,8779.826,8772.826,0,0
06.06.2022 09:10:51.750 GMT+0200,8780.376,8773.376,0,0
06.06.2022 09:10:52.016 GMT+0200,8779.676,8772.676,0,0
06.06.2022 09:10:56.471 GMT+0200,8778.626,8771.626,0,0
06.06.2022 09:10:58.171 GMT+0200,8778.786,8771.786,0,0
06.06.2022 09:10:59.266 GMT+0200,8777.136,8770.136,0,0
06.06.2022 09:11:00.351 GMT+0200,8778.186,8771.186,0,0
06.06.2022 09:11:00.503 GMT+0200,8778.446,8771.446,0,0
06.06.2022 09:11:03.113 GMT+0200,8777.136,8770.136,0,0
06.06.2022 09:11:03.227 GMT+0200,8777.886,8770.886,0,0
06.06.2022 09:11:06.428 GMT+0200,8777.746,8770.746,0,0
06.06.2022 09:11:08.091 GMT+0200,8776.396,8769.396,0,0
06.06.2022 09:11:08.953 GMT+0200,8776.746,8769.746,0,0
06.06.2022 09:11:10.617 GMT+0200,8776.656,8769.656,0,0
06.06.2022 09:11:11.294 GMT+0200,8777.406,8770.406,0,0
06.06.2022 09:11:11.496 GMT+0200,8776.806,8769.806,0,0
06.06.2022 09:11:13.010 GMT+0200,8777.856,8770.856,0,0
06.06.2022 09:11:13.133 GMT+0200,8777.466,8770.466,0,0
06.06.2022 09:11:13.602 GMT+0200,8777.256,8770.256,0,0
06.06.2022 09:11:13.735 GMT+0200,8777.756,8770.756,0,0
06.06.2022 09:11:13.865 GMT+0200,8778.206,8771.206,0,0
06.06.2022 09:11:13.966 GMT+0200,8777.906,8770.906,0,0
06.06.2022 09:11:17.199 GMT+0200,8777.816,8770.816,0,0
06.06.2022 09:11:20.082 GMT+0200,8777.726,8770.726,0,0
06.06.2022 09:11:27.677 GMT+0200,8776.726,8769.726,0,0
06.06.2022 09:11:28.163 GMT+0200,8776.736,8769.736,0,0
06.06.2022 09:11:34.235 GMT+0200,8777.506,8770.506,0,0
06.06.2022 09:11:38.342 GMT+0200,8776.296,8769.296,0,0
06.06.2022 09:11:39.276 GMT+0200,8777.506,8770.506,0,0
06.06.2022 09:11:39.387 GMT+0200,8778.006,8771.006,0,0
06.06.2022 09:11:40.059 GMT+0200,8777.406,8770.406,0,0
06.06.2022 09:11:40.182 GMT+0200,8778.516,8771.516,0,0
06.06.2022 09:11:49.460 GMT+0200,8779.806,8772.806,0,0
06.06.2022 09:11:50.255 GMT+0200,8780.506,8773.506,0,0
06.06.2022 09:11:51.195 GMT+0200,8779.296,8772.296,0,0
06.06.2022 09:11:51.758 GMT+0200,8779.746,8772.746,0,0
06.06.2022 09:11:52.106 GMT+0200,8779.246,8772.246,0,0
06.06.2022 09:11:54.365 GMT+0200,8777.746,8770.746,0,0
06.06.2022 09:11:56.880 GMT+0200,8777.296,8770.296,0,0
06.06.2022 09:11:57.903 GMT+0200,8777.746,8770.746,0,0
06.06.2022 09:11:58.052 GMT+0200,8777.936,8770.936,0,0
06.06.2022 09:12:00.846 GMT+0200,8779.236,8772.236,0,0
06.06.2022 09:12:06.435 GMT+0200,8778.676,8771.676,0,0
06.06.2022 09:12:12.554 GMT+0200,8779.226,8772.226,0,0
06.06.2022 09:12:12.668 GMT+0200,8778.726,8771.726,0,0
06.06.2022 09:12:13.079 GMT+0200,8777.176,8770.176,0,0
06.06.2022 09:12:14.025 GMT+0200,8777.826,8770.826,0,0
06.06.2022 09:12:14.656 GMT+0200,8777.326,8770.326,0,0
06.06.2022 09:12:15.918 GMT+0200,8776.226,8769.226,0,0
06.06.2022 09:12:19.553 GMT+0200,8774.826,8767.826,0,0
06.06.2022 09:12:20.046 GMT+0200,8776.496,8769.496,0,0
06.06.2022 09:12:22.195 GMT+0200,8776.286,8769.286,0,0
06.06.2022 09:12:23.126 GMT+0200,8775.936,8768.936,0,0
06.06.2022 09:12:23.428 GMT+0200,8776.736,8769.736,0,0
06.06.2022 09:12:24.607 GMT+0200,8776.436,8769.436,0,0
06.06.2022 09:12:25.051 GMT+0200,8776.936,8769.936,0,0
06.06.2022 09:12:25.541 GMT+0200,8776.286,8769.286,0,0
06.06.2022 09:12:26.673 GMT+0200,8776.686,8769.686,0,0
06.06.2022 09:12:27.739 GMT+0200,8776.186,8769.186,0,0
06.06.2022 09:12:27.862 GMT+0200,8775.886,8768.886,0,0
06.06.2022 09:12:31.090 GMT+0200,8775.996,8768.996,0,0
06.06.2022 09:12:31.223 GMT+0200,8774.736,8767.736,0,0
06.06.2022 09:12:34.240 GMT+0200,8775.506,8768.506,0,0
06.06.2022 09:12:34.358 GMT+0200,8775.746,8768.746,0,0
06.06.2022 09:12:35.270 GMT+0200,8776.946,8769.946,0,0
06.06.2022 09:12:35.788 GMT+0200,8776.506,8769.506,0,0
06.06.2022 09:12:38.881 GMT+0200,8775.246,8768.246,0,0
06.06.2022 09:12:43.181 GMT+0200,8776.506,8769.506,0,0
06.06.2022 09:12:44.167 GMT+0200,8775.446,8768.446,0,0
06.06.2022 09:12:44.639 GMT+0200,8775.796,8768.796,0,0
06.06.2022 09:12:46.965 GMT+0200,8775.246,8768.246,0,0
06.06.2022 09:12:47.372 GMT+0200,8775.746,8768.746,0,0
06.06.2022 09:12:50.478 GMT+0200,8775.446,8768.446,0,0
06.06.2022 09:12:50.606 GMT+0200,8775.846,8768.846,0,0
06.06.2022 09:12:51.960 GMT+0200,8777.506,8770.506,0,0
06.06.2022 09:12:52.079 GMT+0200,8777.346,8770.346,0,0
06.06.2022 09:12:54.367 GMT+0200,8777.886,8770.886,0,0
06.06.2022 09:12:56.368 GMT+0200,8777.236,8770.236,0,0
06.06.2022 09:12:57.329 GMT+0200,8777.836,8770.836,0,0
06.06.2022 09:12:58.750 GMT+0200,8778.286,8771.286,0,0
06.06.2022 09:12:58.869 GMT+0200,8779.496,8772.496,0,0
06.06.2022 09:13:00.353 GMT+0200,8778.996,8771.996,0,0
06.06.2022 09:13:00.610 GMT+0200,8778.886,8771.886,0,0
06.06.2022 09:13:01.517 GMT+0200,8778.186,8771.186,0,0
06.06.2022 09:13:01.690 GMT+0200,8777.686,8770.686,0,0
06.06.2022 09:13:02.468 GMT+0200,8777.236,8770.236,0,0
06.06.2022 09:13:02.740 GMT+0200,8777.686,8770.686,0,0
06.06.2022 09:13:03.701 GMT+0200,8777.386,8770.386,0,0
06.06.2022 09:13:04.393 GMT+0200,8777.686,8770.686,0,0
06.06.2022 09:13:06.304 GMT+0200,8777.336,8770.336,0,0
06.06.2022 09:13:06.664 GMT+0200,8777.936,8770.936,0,0
06.06.2022 09:13:11.275 GMT+0200,8779.496,8772.496,0,0
06.06.2022 09:13:18.660 GMT+0200,8777.736,8770.736,0,0
06.06.2022 09:13:20.587 GMT+0200,8776.736,8769.736,0,0
06.06.2022 09:13:21.879 GMT+0200,8777.996,8770.996,0,0
06.06.2022 09:13:22.362 GMT+0200,8776.846,8769.846,0,0
06.06.2022 09:13:24.275 GMT+0200,8776.346,8769.346,0,0
06.06.2022 09:13:25.660 GMT+0200,8776.846,8769.846,0,0
06.06.2022 09:13:28.148 GMT+0200,8775.896,8768.896,0,0
06.06.2022 09:13:28.466 GMT+0200,8777.506,8770.506,0,0
06.06.2022 09:13:29.242 GMT+0200,8776.446,8769.446,0,0
06.06.2022 09:13:30.350 GMT+0200,8776.696,8769.696,0,0
06.06.2022 09:13:32.893 GMT+0200,8777.006,8770.006,0,0
06.06.2022 09:13:33.614 GMT+0200,8775.946,8768.946,0,0
06.06.2022 09:13:40.140 GMT+0200,8775.906,8768.906,0,0
06.06.2022 09:13:40.746 GMT+0200,8774.946,8767.946,0,0
06.06.2022 09:13:42.095 GMT+0200,8774.906,8767.906,0,0
06.06.2022 09:13:42.410 GMT+0200,8774.256,8767.256,0,0
06.06.2022 09:13:42.523 GMT+0200,8773.806,8766.806,0,0
06.06.2022 09:13:43.504 GMT+0200,8774.756,8767.756,0,0
06.06.2022 09:13:43.917 GMT+0200,8774.516,8767.516,0,0
06.06.2022 09:13:44.355 GMT+0200,8774.456,8767.456,0,0.0001
06.06.2022 09:13:45.373 GMT+0200,8773.706,8766.706,0,0.0001
06.06.2022 09:13:49.652 GMT+0200,8773.966,8766.966,0,0
06.06.2022 09:13:49.934 GMT+0200,8774.966,8767.966,0,0
06.06.2022 09:13:54.055 GMT+0200,8776.966,8769.966,0,0
06.06.2022 09:13:54.936 GMT+0200,8776.316,8769.316,0,0
06.06.2022 09:13:55.088 GMT+0200,8775.716,8768.716,0,0
06.06.2022 09:13:57.250 GMT+0200,8776.716,8769.716,0,0
06.06.2022 09:13:59.715 GMT+0200,8778.526,8771.526,0,0
06.06.2022 09:14:00.079 GMT+0200,8777.706,8770.706,0,0
06.06.2022 09:14:02.827 GMT+0200,8776.706,8769.706,0,0
06.06.2022 09:14:10.203 GMT+0200,8777.506,8770.506,0,0
06.06.2022 09:14:19.239 GMT+0200,8776.346,8769.346,0,0
06.06.2022 09:14:19.351 GMT+0200,8775.746,8768.746,0,0
06.06.2022 09:14:19.778 GMT+0200,8774.746,8767.746,0,0
06.06.2022 09:14:21.499 GMT+0200,8775.346,8768.346,0,0
06.06.2022 09:14:21.691 GMT+0200,8776.506,8769.506,0,0
06.06.2022 09:14:22.584 GMT+0200,8775.736,8768.736,0,0
06.06.2022 09:14:22.694 GMT+0200,8776.846,8769.846,0,0
06.06.2022 09:14:23.720 GMT+0200,8777.196,8770.196,0,0
06.06.2022 09:14:24.307 GMT+0200,8777.286,8770.286,0,0
06.06.2022 09:14:24.424 GMT+0200,8776.936,8769.936,0.0001,0.0001
06.06.2022 09:14:27.217 GMT+0200,8776.236,8769.236,0,0
06.06.2022 09:14:28.952 GMT+0200,8776.936,8769.936,0,0
06.06.2022 09:14:29.303 GMT+0200,8776.336,8769.336,0,0
06.06.2022 09:14:29.992 GMT+0200,8776.786,8769.786,0,0
06.06.2022 09:14:30.648 GMT+0200,8776.926,8769.926,0,0
06.06.2022 09:14:31.989 GMT+0200,8777.926,8770.926,0,0
06.06.2022 09:14:33.483 GMT+0200,8778.726,8771.726,0,0
06.06.2022 09:14:36.708 GMT+0200,8779.776,8772.776,0,0
06.06.2022 09:14:37.811 GMT+0200,8779.226,8772.226,0,0
06.06.2022 09:14:39.566 GMT+0200,8778.926,8771.926,0,0
06.06.2022 09:14:40.752 GMT+0200,8778.486,8771.486,0,0
06.06.2022 09:14:41.867 GMT+0200,8777.486,8770.486,0,0
06.06.2022 09:14:43.583 GMT+0200,8776.486,8769.486,0,0
06.06.2022 09:14:45.594 GMT+0200,8776.826,8769.826,0,0
06.06.2022 09:14:47.689 GMT+0200,8775.876,8768.876,0,0
06.06.2022 09:14:48.140 GMT+0200,8776.426,8769.426,0,0.0001
06.06.2022 09:14:49.512 GMT+0200,8775.776,8768.776,0,0.0001
06.06.2022 09:14:50.317 GMT+0200,8775.326,8768.326,0,0
06.06.2022 09:14:50.678 GMT+0200,8775.726,8768.726,0,0
06.06.2022 09:14:52.104 GMT+0200,8776.876,8769.876,0,0
06.06.2022 09:14:52.971 GMT+0200,8777.326,8770.326,0,0
06.06.2022 09:14:55.241 GMT+0200,8777.826,8770.826,0,0
06.06.2022 09:14:56.555 GMT+0200,8776.926,8769.926,0,0
06.06.2022 09:14:58.889 GMT+0200,8776.326,8769.326,0,0
06.06.2022 09:14:59.443 GMT+0200,8776.776,8769.776,0,0
06.06.2022 09:15:00.081 GMT+0200,8776.866,8769.866,0,0
06.06.2022 09:15:00.314 GMT+0200,8777.166,8770.166,0,0
06.06.2022 09:15:00.535 GMT+0200,8776.816,8769.816,0,0
06.06.2022 09:15:00.940 GMT+0200,8777.166,8770.166,0,0
06.06.2022 09:15:01.530 GMT+0200,8777.666,8770.666,0,0
06.06.2022 09:15:03.063 GMT+0200,8777.216,8770.216,0,0
06.06.2022 09:15:03.243 GMT+0200,8777.716,8770.716,0,0
06.06.2022 09:15:06.160 GMT+0200,8777.706,8770.706,0,0
06.06.2022 09:15:07.132 GMT+0200,8775.656,8768.656,0,0
06.06.2022 09:15:08.391 GMT+0200,8775.866,8768.866,0,0.0001
06.06.2022 09:15:09.174 GMT+0200,8776.316,8769.316,0,0
06.06.2022 09:15:09.333 GMT+0200,8776.816,8769.816,0,0
06.06.2022 09:15:14.285 GMT+0200,8776.366,8769.366,0,0
06.06.2022 09:15:14.835 GMT+0200,8776.816,8769.816,0,0
06.06.2022 09:15:15.035 GMT+0200,8775.816,8768.816,0,0
06.06.2022 09:15:17.349 GMT+0200,8775.366,8768.366,0,0
06.06.2022 09:15:17.700 GMT+0200,8775.666,8768.666,0,0
06.06.2022 09:15:19.123 GMT+0200,8776.416,8769.416,0,0
06.06.2022 09:15:21.132 GMT+0200,8775.916,8768.916,0,0.0001
06.06.2022 09:15:22.558 GMT+0200,8775.416,8768.416,0,0
06.06.2022 09:15:22.740 GMT+0200,8774.916,8767.916,0,0
06.06.2022 09:15:23.539 GMT+0200,8774.166,8767.166,0,0
06.06.2022 09:15:23.642 GMT+0200,8773.916,8766.916,0,0
06.06.2022 09:15:24.058 GMT+0200,8773.676,8766.676,0,0
06.06.2022 09:15:26.232 GMT+0200,8773.226,8766.226,0,0
06.06.2022 09:15:27.970 GMT+0200,8773.776,8766.776,0,0
06.06.2022 09:15:29.659 GMT+0200,8773.226,8766.226,0,0
06.06.2022 09:15:29.815 GMT+0200,8772.776,8765.776,0,0
06.06.2022 09:15:30.763 GMT+0200,8771.876,8764.876,0,0
06.06.2022 09:15:33.056 GMT+0200,8772.376,8765.376,0.0001,0
06.06.2022 09:15:34.578 GMT+0200,8772.386,8765.386,0,0
06.06.2022 09:15:34.727 GMT+0200,8772.736,8765.736,0,0
06.06.2022 09:15:36.179 GMT+0200,8773.336,8766.336,0,0
06.06.2022 09:15:37.219 GMT+0200,8772.886,8765.886,0,0
06.06.2022 09:15:40.235 GMT+0200,8772.436,8765.436,0,0
06.06.2022 09:15:43.740 GMT+0200,8772.886,8765.886,0,0
06.06.2022 09:15:44.163 GMT+0200,8772.846,8765.846,0,0
06.06.2022 09:15:44.507 GMT+0200,8773.846,8766.846,0,0
06.06.2022 09:15:44.934 GMT+0200,8774.946,8767.946,0,0
06.06.2022 09:15:45.340 GMT+0200,8773.696,8766.696,0,0
06.06.2022 09:15:47.141 GMT+0200,8772.746,8765.746,0,0
06.06.2022 09:15:52.029 GMT+0200,8771.846,8764.846,0,0
06.06.2022 09:15:55.426 GMT+0200,8772.516,8765.516,0,0
06.06.2022 09:15:59.835 GMT+0200,8772.406,8765.406,0,0
06.06.2022 09:15:59.967 GMT+0200,8772.856,8765.856,0,0
06.06.2022 09:16:00.352 GMT+0200,8773.016,8766.016,0,0
06.06.2022 09:16:00.808 GMT+0200,8772.756,8765.756,0,0
06.06.2022 09:16:03.227 GMT+0200,8772.356,8765.356,0,0
06.06.2022 09:16:03.958 GMT+0200,8772.906,8765.906,0,0
06.06.2022 09:16:11.029 GMT+0200,8773.306,8766.306,0,0
06.06.2022 09:16:11.134 GMT+0200,8773.706,8766.706,0,0
06.06.2022 09:16:14.700 GMT+0200,8774.956,8767.956,0,0
06.06.2022 09:16:16.158 GMT+0200,8775.306,8768.306,0,0
06.06.2022 09:16:16.591 GMT+0200,8775.756,8768.756,0,0
06.06.2022 09:16:17.326 GMT+0200,8777.356,8770.356,0,0
06.06.2022 09:16:17.452 GMT+0200,8777.906,8770.906,0,0
06.06.2022 09:16:20.055 GMT+0200,8777.696,8770.696,0,0
06.06.2022 09:16:20.159 GMT+0200,8778.296,8771.296,0,0
06.06.2022 09:16:20.979 GMT+0200,8778.896,8771.896,0,0
06.06.2022 09:16:27.407 GMT+0200,8778.686,8771.686,0,0
06.06.2022 09:16:27.865 GMT+0200,8777.886,8770.886,0,0
06.06.2022 09:16:29.419 GMT+0200,8777.336,8770.336,0,0
06.06.2022 09:16:30.844 GMT+0200,8777.786,8770.786,0,0
06.06.2022 09:16:32.955 GMT+0200,8777.186,8770.186,0,0
06.06.2022 09:16:35.327 GMT+0200,8777.686,8770.686,0,0
06.06.2022 09:16:35.955 GMT+0200,8777.436,8770.436,0,0
06.06.2022 09:16:41.254 GMT+0200,8775.886,8768.886,0,0
06.06.2022 09:16:41.643 GMT+0200,8775.286,8768.286,0,0
06.06.2022 09:16:42.980 GMT+0200,8775.936,8768.936,0,0
06.06.2022 09:16:44.148 GMT+0200,8775.846,8768.846,0,0
06.06.2022 09:16:47.114 GMT+0200,8775.296,8768.296,0,0
06.06.2022 09:16:50.467 GMT+0200,8775.796,8768.796,0,0
06.06.2022 09:16:50.596 GMT+0200,8777.296,8770.296,0,0
06.06.2022 09:16:50.830 GMT+0200,8778.506,8771.506,0,0
06.06.2022 09:16:51.623 GMT+0200,8778.196,8771.196,0,0
06.06.2022 09:16:52.166 GMT+0200,8778.186,8771.186,0,0
06.06.2022 09:16:53.255 GMT+0200,8778.836,8771.836,0,0
06.06.2022 09:16:54.242 GMT+0200,8779.236,8772.236,0,0.0001
06.06.2022 09:16:56.092 GMT+0200,8778.936,8771.936,0,0
06.06.2022 09:16:58.034 GMT+0200,8779.436,8772.436,0,0
06.06.2022 09:16:58.242 GMT+0200,8779.936,8772.936,0,0.0003
06.06.2022 09:17:00.303 GMT+0200,8779.826,8772.826,0,0.0003
06.06.2022 09:17:00.495 GMT+0200,8779.276,8772.276,0,0.0003
06.06.2022 09:17:04.572 GMT+0200,8782.986,8775.986,0,0.0002
06.06.2022 09:17:04.694 GMT+0200,8781.326,8774.326,0,0.0002
06.06.2022 09:17:04.867 GMT+0200,8780.776,8773.776,0,0.0002
06.06.2022 09:17:06.078 GMT+0200,8781.476,8774.476,0,0
06.06.2022 09:17:07.074 GMT+0200,8781.266,8774.266,0,0
06.06.2022 09:17:08.167 GMT+0200,8781.406,8774.406,0,0
06.06.2022 09:17:10.256 GMT+0200,8781.296,8774.296,0,0
06.06.2022 09:17:11.739 GMT+0200,8781.796,8774.796,0,0
06.06.2022 09:17:12.803 GMT+0200,8780.136,8773.136,0,0
06.06.2022 09:17:13.228 GMT+0200,8781.446,8774.446,0,0
06.06.2022 09:17:13.857 GMT+0200,8781.956,8774.956,0,0
06.06.2022 09:17:14.112 GMT+0200,8781.836,8774.836,0,0
06.06.2022 09:17:14.403 GMT+0200,8780.886,8773.886,0,0
06.06.2022 09:17:14.533 GMT+0200,8781.336,8774.336,0,0
06.06.2022 09:17:15.862 GMT+0200,8780.786,8773.786,0,0
06.06.2022 09:17:17.576 GMT+0200,8780.776,8773.776,0,0
06.06.2022 09:17:18.333 GMT+0200,8780.866,8773.866,0.0001,0
06.06.2022 09:17:20.396 GMT+0200,8781.216,8774.216,0,0
06.06.2022 09:17:20.530 GMT+0200,8781.666,8774.666,0,0
06.06.2022 09:17:20.648 GMT+0200,8782.766,8775.766,0,0
06.06.2022 09:17:22.190 GMT+0200,8783.416,8776.416,0,0
06.06.2022 09:17:23.752 GMT+0200,8782.256,8775.256,0,0.0001
06.06.2022 09:17:23.855 GMT+0200,8783.416,8776.416,0,0
06.06.2022 09:17:24.398 GMT+0200,8782.646,8775.646,0,0
06.06.2022 09:17:30.351 GMT+0200,8782.736,8775.736,0,0
06.06.2022 09:17:37.377 GMT+0200,8781.586,8774.586,0,0
06.06.2022 09:17:37.643 GMT+0200,8781.236,8774.236,0,0
06.06.2022 09:17:39.164 GMT+0200,8781.636,8774.636,0,0
06.06.2022 09:17:39.295 GMT+0200,8782.786,8775.786,0,0
06.06.2022 09:17:43.116 GMT+0200,8783.336,8776.336,0,0
06.06.2022 09:17:44.062 GMT+0200,8782.736,8775.736,0,0
06.06.2022 09:17:45.105 GMT+0200,8783.236,8776.236,0,0
06.06.2022 09:17:45.352 GMT+0200,8782.636,8775.636,0,0
06.06.2022 09:17:46.096 GMT+0200,8782.826,8775.826,0,0
06.06.2022 09:17:46.860 GMT+0200,8781.626,8774.626,0,0
06.06.2022 09:17:57.238 GMT+0200,8781.176,8774.176,0,0
06.06.2022 09:18:00.303 GMT+0200,8781.266,8774.266,0,0
06.06.2022 09:18:00.427 GMT+0200,8782.876,8775.876,0,0
06.06.2022 09:18:01.268 GMT+0200,8782.566,8775.566,0,0
06.06.2022 09:18:02.891 GMT+0200,8782.266,8775.266,0,0
06.06.2022 09:18:03.010 GMT+0200,8782.376,8775.376,0,0
06.06.2022 09:18:04.802 GMT+0200,8782.616,8775.616,0,0
06.06.2022 09:18:05.024 GMT+0200,8782.116,8775.116,0,0
06.06.2022 09:18:05.259 GMT+0200,8782.716,8775.716,0,0.0001
06.06.2022 09:18:06.092 GMT+0200,8782.066,8775.066,0,0
06.06.2022 09:18:06.387 GMT+0200,8781.716,8774.716,0,0.0001
06.06.2022 09:18:07.378 GMT+0200,8782.616,8775.616,0,0
06.06.2022 09:18:08.052 GMT+0200,8782.056,8775.056,0,0
06.06.2022 09:18:09.182 GMT+0200,8781.806,8774.806,0,0
06.06.2022 09:18:11.199 GMT+0200,8780.756,8773.756,0,0
06.06.2022 09:18:12.519 GMT+0200,8781.376,8774.376,0,0
06.06.2022 09:18:12.640 GMT+0200,8781.116,8774.116,0,0
06.06.2022 09:18:13.205 GMT+0200,8780.616,8773.616,0,0
06.06.2022 09:18:13.966 GMT+0200,8781.316,8774.316,0,0
06.06.2022 09:18:15.455 GMT+0200,8780.566,8773.566,0,0
06.06.2022 09:18:19.148 GMT+0200,8781.316,8774.316,0,0
06.06.2022 09:18:19.257 GMT+0200,8780.666,8773.666,0,0
06.06.2022 09:18:20.480 GMT+0200,8781.876,8774.876,0,0
06.06.2022 09:18:20.642 GMT+0200,8780.616,8773.616,0,0
06.06.2022 09:18:22.118 GMT+0200,8781.266,8774.266,0,0
06.06.2022 09:18:22.259 GMT+0200,8781.616,8774.616,0,0
06.06.2022 09:18:25.001 GMT+0200,8782.166,8775.166,0,0
06.06.2022 09:18:25.295 GMT+0200,8781.816,8774.816,0,0
06.06.2022 09:18:25.423 GMT+0200,8782.216,8775.216,0,0
06.06.2022 09:18:26.030 GMT+0200,8782.866,8775.866,0,0
06.06.2022 09:18:26.620 GMT+0200,8782.556,8775.556,0,0
06.06.2022 09:18:26.859 GMT+0200,8782.206,8775.206,0,0
06.06.2022 09:18:26.974 GMT+0200,8782.366,8775.366,0,0
06.06.2022 09:18:27.123 GMT+0200,8782.206,8775.206,0,0
06.06.2022 09:18:27.278 GMT+0200,8782.806,8775.806,0,0
06.06.2022 09:18:30.235 GMT+0200,8782.646,8775.646,0,0
06.06.2022 09:18:38.283 GMT+0200,8782.846,8775.846,0,0
06.06.2022 09:18:39.944 GMT+0200,8783.346,8776.346,0,0
06.06.2022 09:18:40.065 GMT+0200,8781.686,8774.686,0,0
06.06.2022 09:18:42.072 GMT+0200,8783.346,8776.346,0,0
06.06.2022 09:18:43.866 GMT+0200,8783.586,8776.586,0,0
06.06.2022 09:18:44.122 GMT+0200,8784.336,8777.336,0,0
06.06.2022 09:18:49.355 GMT+0200,8783.836,8776.836,0,0
06.06.2022 09:18:49.466 GMT+0200,8782.776,8775.776,0,0
06.06.2022 09:18:50.103 GMT+0200,8782.716,8775.716,0,0
06.06.2022 09:18:51.147 GMT+0200,8783.516,8776.516,0,0
06.06.2022 09:18:55.087 GMT+0200,8783.556,8776.556,0,0
06.06.2022 09:18:56.009 GMT+0200,8782.756,8775.756,0,0
06.06.2022 09:18:57.687 GMT+0200,8781.606,8774.606,0,0
06.06.2022 09:19:00.315 GMT+0200,8782.056,8775.056,0,0
06.06.2022 09:19:01.732 GMT+0200,8781.506,8774.506,0,0
06.06.2022 09:19:07.725 GMT+0200,8781.256,8774.256,0,0
06.06.2022 09:19:09.359 GMT+0200,8780.606,8773.606,0,0
06.06.2022 09:19:14.584 GMT+0200,8780.616,8773.616,0,0
06.06.2022 09:19:23.067 GMT+0200,8781.006,8774.006,0,0
06.06.2022 09:19:24.624 GMT+0200,8780.606,8773.606,0,0
06.06.2022 09:19:29.921 GMT+0200,8780.816,8773.816,0,0
06.06.2022 09:19:30.027 GMT+0200,8779.666,8772.666,0,0
06.06.2022 09:19:35.016 GMT+0200,8780.166,8773.166,0,0.0002
06.06.2022 09:19:35.352 GMT+0200,8780.716,8773.716,0,0
06.06.2022 09:19:44.839 GMT+0200,8779.566,8772.566,0,0
06.06.2022 09:19:46.015 GMT+0200,8780.826,8773.826,0,0
06.06.2022 09:19:46.126 GMT+0200,8780.766,8773.766,0,0
06.06.2022 09:19:46.252 GMT+0200,8780.826,8773.826,0,0
06.06.2022 09:19:48.139 GMT+0200,8780.516,8773.516,0,0
06.06.2022 09:19:54.386 GMT+0200,8780.326,8773.326,0,0
06.06.2022 09:19:57.468 GMT+0200,8779.216,8772.216,0,0.0002
06.06.2022 09:20:00.199 GMT+0200,8778.016,8771.016,0,0.0002
06.06.2022 09:20:00.448 GMT+0200,8779.266,8772.266,0,0.0002
06.06.2022 09:20:00.886 GMT+0200,8778.566,8771.566,0,0.0002
06.06.2022 09:20:06.072 GMT+0200,8778.726,8771.726,0,0
06.06.2022 09:20:23.434 GMT+0200,8778.126,8771.126,0,0
06.06.2022 09:20:23.924 GMT+0200,8777.676,8770.676,0,0
06.06.2022 09:20:27.059 GMT+0200,8777.336,8770.336,0.0001,0
06.06.2022 09:20:29.578 GMT+0200,8777.176,8770.176,0,0
06.06.2022 09:20:29.713 GMT+0200,8777.526,8770.526,0,0
06.06.2022 09:20:31.057 GMT+0200,8776.726,8769.726,0,0
06.06.2022 09:20:33.032 GMT+0200,8777.276,8770.276,0,0
06.06.2022 09:20:33.291 GMT+0200,8776.726,8769.726,0,0
06.06.2022 09:20:35.091 GMT+0200,8775.776,8768.776,0,0
06.06.2022 09:20:35.199 GMT+0200,8776.076,8769.076,0,0
06.06.2022 09:20:35.659 GMT+0200,8776.626,8769.626,0,0
06.06.2022 09:20:35.763 GMT+0200,8777.526,8770.526,0,0
06.06.2022 09:20:37.699 GMT+0200,8778.176,8771.176,0,0
06.06.2022 09:20:38.177 GMT+0200,8778.266,8771.266,0,0
06.06.2022 09:20:38.974 GMT+0200,8778.326,8771.326,0,0
06.06.2022 09:20:51.119 GMT+0200,8778.116,8771.116,0.0001,0
06.06.2022 09:20:56.456 GMT+0200,8778.206,8771.206,0,0
06.06.2022 09:20:56.904 GMT+0200,8778.706,8771.706,0,0
06.06.2022 09:21:02.312 GMT+0200,8779.816,8772.816,0,0
06.06.2022 09:21:03.378 GMT+0200,8778.756,8771.756,0,0
06.06.2022 09:21:04.866 GMT+0200,8779.106,8772.106,0,0
06.06.2022 09:21:06.064 GMT+0200,8779.046,8772.046,0,0
06.06.2022 09:21:10.017 GMT+0200,8780.306,8773.306,0,0
06.06.2022 09:21:10.132 GMT+0200,8780.146,8773.146,0,0
06.06.2022 09:21:10.389 GMT+0200,8779.496,8772.496,0,0
06.06.2022 09:21:10.564 GMT+0200,8780.806,8773.806,0,0
06.06.2022 09:21:12.492 GMT+0200,8780.596,8773.596,0,0
06.06.2022 09:21:14.156 GMT+0200,8781.296,8774.296,0,0
06.06.2022 09:21:20.765 GMT+0200,8780.576,8773.576,0,0
06.06.2022 09:21:22.358 GMT+0200,8782.626,8775.626,0,0
06.06.2022 09:21:22.486 GMT+0200,8782.786,8775.786,0,0
06.06.2022 09:21:26.240 GMT+0200,8782.016,8775.016,0,0
06.06.2022 09:21:27.862 GMT+0200,8781.516,8774.516,0,0
06.06.2022 09:21:31.423 GMT+0200,8782.216,8775.216,0,0
06.06.2022 09:21:33.068 GMT+0200,8782.466,8775.466,0,0
06.06.2022 09:21:34.479 GMT+0200,8782.166,8775.166,0,0
06.06.2022 09:21:35.558 GMT+0200,8782.466,8775.466,0,0
06.06.2022 09:21:35.666 GMT+0200,8783.116,8776.116,0,0
06.06.2022 09:21:35.768 GMT+0200,8782.466,8775.466,0,0
06.06.2022 09:21:37.857 GMT+0200,8783.616,8776.616,0,0
06.06.2022 09:21:40.264 GMT+0200,8783.606,8776.606,0,0
06.06.2022 09:21:41.225 GMT+0200,8783.956,8776.956,0,0
06.06.2022 09:21:42.440 GMT+0200,8783.506,8776.506,0,0
06.06.2022 09:21:42.778 GMT+0200,8784.156,8777.156,0,0
06.06.2022 09:21:47.535 GMT+0200,8784.706,8777.706,0,0
06.06.2022 09:21:48.419 GMT+0200,8784.696,8777.696,0,0
06.06.2022 09:21:50.543 GMT+0200,8784.096,8777.096,0,0
06.06.2022 09:21:50.684 GMT+0200,8783.646,8776.646,0,0
06.06.2022 09:21:55.181 GMT+0200,8783.196,8776.196,0,0
06.06.2022 09:21:55.354 GMT+0200,8782.646,8775.646,0,0
06.06.2022 09:21:56.696 GMT+0200,8784.256,8777.256,0,0.0001
06.06.2022 09:21:56.804 GMT+0200,8782.646,8775.646,0,0.0001
06.06.2022 09:21:57.799 GMT+0200,8782.946,8775.946,0,0.0001
06.06.2022 09:21:57.914 GMT+0200,8784.256,8777.256,0,0.0001
06.06.2022 09:21:58.038 GMT+0200,8782.996,8775.996,0,0.0001
06.06.2022 09:22:00.025 GMT+0200,8783.446,8776.446,0,0
06.06.2022 09:22:01.526 GMT+0200,8784.196,8777.196,0,0
06.06.2022 09:22:02.066 GMT+0200,8784.496,8777.496,0,0
06.06.2022 09:22:03.072 GMT+0200,8784.096,8777.096,0,0.0001
06.06.2022 09:22:04.754 GMT+0200,8784.546,8777.546,0,0
06.06.2022 09:22:05.020 GMT+0200,8784.996,8777.996,0,0
06.06.2022 09:22:05.692 GMT+0200,8785.646,8778.646,0,0
06.06.2022 09:22:08.394 GMT+0200,8785.196,8778.196,0,0
06.06.2022 09:22:12.131 GMT+0200,8784.646,8777.646,0,0
06.06.2022 09:22:17.166 GMT+0200,8784.946,8777.946,0,0
06.06.2022 09:22:20.339 GMT+0200,8785.686,8778.686,0,0
06.06.2022 09:22:22.930 GMT+0200,8785.936,8778.936,0,0
06.06.2022 09:22:24.431 GMT+0200,8785.436,8778.436,0,0
06.06.2022 09:22:26.708 GMT+0200,8786.086,8779.086,0,0
06.06.2022 09:22:28.418 GMT+0200,8786.196,8779.196,0,0
06.06.2022 09:22:28.546 GMT+0200,8785.596,8778.596,0,0
06.06.2022 09:22:30.081 GMT+0200,8785.146,8778.146,0,0
06.06.2022 09:22:30.991 GMT+0200,8785.696,8778.696,0,0
06.06.2022 09:22:33.794 GMT+0200,8787.546,8780.546,0,0
06.06.2022 09:22:33.900 GMT+0200,8786.546,8779.546,0,0
06.06.2022 09:22:34.111 GMT+0200,8786.486,8779.486,0,0
06.06.2022 09:22:34.223 GMT+0200,8788.256,8781.256,0,0
06.06.2022 09:22:34.735 GMT+0200,8790.196,8783.196,0,0
06.06.2022 09:22:34.846 GMT+0200,8790.996,8783.996,0,0
06.06.2022 09:22:35.085 GMT+0200,8790.696,8783.696,0,0
06.06.2022 09:22:35.593 GMT+0200,8791.496,8784.496,0,0
06.06.2022 09:22:35.746 GMT+0200,8791.096,8784.096,0,0
06.06.2022 09:22:35.864 GMT+0200,8791.546,8784.546,0,0
06.06.2022 09:22:36.146 GMT+0200,8791.636,8784.636,0,0
06.06.2022 09:22:37.422 GMT+0200,8791.246,8784.246,0,0
06.06.2022 09:22:38.202 GMT+0200,8789.986,8782.986,0,0
06.06.2022 09:22:38.833 GMT+0200,8789.536,8782.536,0,0
06.06.2022 09:22:39.046 GMT+0200,8790.186,8783.186,0,0.0001
06.06.2022 09:22:39.214 GMT+0200,8790.536,8783.536,0,0.0001
06.06.2022 09:22:40.292 GMT+0200,8791.086,8784.086,0,0
06.06.2022 09:22:40.524 GMT+0200,8790.636,8783.636,0.0001,0
06.06.2022 09:22:40.626 GMT+0200,8791.036,8784.036,0.0001,0
06.06.2022 09:22:40.744 GMT+0200,8791.686,8784.686,0.0001,0
06.06.2022 09:22:41.636 GMT+0200,8790.636,8783.636,0.0001,0
06.06.2022 09:22:41.918 GMT+0200,8790.936,8783.936,0,0
06.06.2022 09:22:42.055 GMT+0200,8791.636,8784.636,0,0
06.06.2022 09:22:42.968 GMT+0200,8790.426,8783.426,0.0001,0
06.06.2022 09:22:43.550 GMT+0200,8791.076,8784.076,0,0.0001
06.06.2022 09:22:43.810 GMT+0200,8789.976,8782.976,0,0.0001
06.06.2022 09:22:43.963 GMT+0200,8790.576,8783.576,0,0
06.06.2022 09:22:44.184 GMT+0200,8790.236,8783.236,0,0
06.06.2022 09:22:48.528 GMT+0200,8788.926,8781.926,0.0001,0
06.06.2022 09:22:53.144 GMT+0200,8789.526,8782.526,0,0
06.06.2022 09:23:00.669 GMT+0200,8790.076,8783.076,0,0.0001
06.06.2022 09:23:00.805 GMT+0200,8789.676,8782.676,0,0.0001
06.06.2022 09:23:02.175 GMT+0200,8790.426,8783.426,0,0.0001
06.06.2022 09:23:19.459 GMT+0200,8789.976,8782.976,0.0001,0
06.06.2022 09:23:19.925 GMT+0200,8789.676,8782.676,0,0
06.06.2022 09:23:21.670 GMT+0200,8790.026,8783.026,0,0
06.06.2022 09:23:21.980 GMT+0200,8790.236,8783.236,0,0
06.06.2022 09:23:23.045 GMT+0200,8790.076,8783.076,0,0
06.06.2022 09:23:23.272 GMT+0200,8790.626,8783.626,0,0
06.06.2022 09:23:27.186 GMT+0200,8791.126,8784.126,0,0
06.06.2022 09:23:27.439 GMT+0200,8790.576,8783.576,0,0
06.06.2022 09:23:30.070 GMT+0200,8790.416,8783.416,0.0001,0
06.06.2022 09:23:30.456 GMT+0200,8789.566,8782.566,0.0001,0
06.06.2022 09:23:30.578 GMT+0200,8788.966,8781.966,0.0001,0
06.06.2022 09:23:30.883 GMT+0200,8789.666,8782.666,0,0
06.06.2022 09:23:32.212 GMT+0200,8789.526,8782.526,0,0
06.06.2022 09:23:38.382 GMT+0200,8790.476,8783.476,0,0
06.06.2022 09:23:40.086 GMT+0200,8789.426,8782.426,0.0001,0
06.06.2022 09:23:44.272 GMT+0200,8789.686,8782.686,0,0.0001
06.06.2022 09:23:49.089 GMT+0200,8790.686,8783.686,0,0.0001
06.06.2022 09:23:50.758 GMT+0200,8791.186,8784.186,0,0
06.06.2022 09:23:51.396 GMT+0200,8790.686,8783.686,0,0
06.06.2022 09:23:55.102 GMT+0200,8789.686,8782.686,0,0
06.06.2022 09:24:00.363 GMT+0200,8789.136,8782.136,0,0.0001
06.06.2022 09:24:04.095 GMT+0200,8789.046,8782.046,0,0
06.06.2022 09:24:04.727 GMT+0200,8788.496,8781.496,0,0
06.06.2022 09:24:05.115 GMT+0200,8789.756,8782.756,0,0
06.06.2022 09:24:05.247 GMT+0200,8788.496,8781.496,0,0
06.06.2022 09:24:07.530 GMT+0200,8787.646,8780.646,0.0001,0
06.06.2022 09:24:08.480 GMT+0200,8786.596,8779.596,0,0
06.06.2022 09:24:10.042 GMT+0200,8786.456,8779.456,0,0
06.06.2022 09:24:12.687 GMT+0200,8786.956,8779.956,0,0
06.06.2022 09:24:14.966 GMT+0200,8788.606,8781.606,0,0
06.06.2022 09:24:15.199 GMT+0200,8789.006,8782.006,0,0
06.06.2022 09:24:15.375 GMT+0200,8789.556,8782.556,0,0
06.06.2022 09:24:16.145 GMT+0200,8788.456,8781.456,0,0
06.06.2022 09:24:17.926 GMT+0200,8790.266,8783.266,0,0
06.06.2022 09:24:25.179 GMT+0200,8788.956,8781.956,0,0
06.06.2022 09:24:26.075 GMT+0200,8788.706,8781.706,0,0
06.06.2022 09:24:26.684 GMT+0200,8787.556,8780.556,0,0
06.06.2022 09:24:28.724 GMT+0200,8788.156,8781.156,0,0
06.06.2022 09:24:28.940 GMT+0200,8787.606,8780.606,0,0.0001
06.06.2022 09:24:31.450 GMT+0200,8788.556,8781.556,0,0.0001
06.06.2022 09:24:35.063 GMT+0200,8789.116,8782.116,0,0
06.06.2022 09:24:35.176 GMT+0200,8789.266,8782.266,0,0
06.06.2022 09:24:36.065 GMT+0200,8788.466,8781.466,0,0
06.06.2022 09:24:40.894 GMT+0200,8788.966,8781.966,0,0
06.06.2022 09:24:41.980 GMT+0200,8789.566,8782.566,0,0
06.06.2022 09:24:42.682 GMT+0200,8790.216,8783.216,0,0.0001
06.06.2022 09:24:43.357 GMT+0200,8789.466,8782.466,0,0
06.06.2022 09:24:46.864 GMT+0200,8790.016,8783.016,0,0.0001
06.06.2022 09:24:47.604 GMT+0200,8790.466,8783.466,0,0
06.06.2022 09:24:49.194 GMT+0200,8791.116,8784.116,0,0
06.06.2022 09:24:49.436 GMT+0200,8790.466,8783.466,0,0
06.06.2022 09:25:00.130 GMT+0200,8790.726,8783.726,0,0
06.06.2022 09:25:01.452 GMT+0200,8791.176,8784.176,0,0
06.06.2022 09:25:05.610 GMT+0200,8790.176,8783.176,0,0
06.06.2022 09:25:05.794 GMT+0200,8789.286,8782.286,0,0
06.06.2022 09:25:07.447 GMT+0200,8789.226,8782.226,0,0
06.06.2022 09:25:08.607 GMT+0200,8788.636,8781.636,0,0
06.06.2022 09:25:08.771 GMT+0200,8788.986,8781.986,0,0
06.06.2022 09:25:10.665 GMT+0200,8790.136,8783.136,0,0
06.06.2022 09:25:11.063 GMT+0200,8789.536,8782.536,0,0
06.06.2022 09:25:11.166 GMT+0200,8790.186,8783.186,0,0.0001
06.06.2022 09:25:11.495 GMT+0200,8789.536,8782.536,0,0.0001
06.06.2022 09:25:12.759 GMT+0200,8788.986,8781.986,0,0.0001
06.06.2022 09:25:13.078 GMT+0200,8788.586,8781.586,0,0.0001
06.06.2022 09:25:13.224 GMT+0200,8789.086,8782.086,0,0.0001
06.06.2022 09:25:14.074 GMT+0200,8789.026,8782.026,0,0
06.06.2022 09:25:18.991 GMT+0200,8788.226,8781.226,0,0
06.06.2022 09:25:19.613 GMT+0200,8788.726,8781.726,0,0
06.06.2022 09:25:19.847 GMT+0200,8789.126,8782.126,0,0
06.06.2022 09:25:24.006 GMT+0200,8789.166,8782.166,0,0
06.06.2022 09:25:30.187 GMT+0200,8789.766,8782.766,0,0
06.06.2022 09:25:31.019 GMT+0200,8788.506,8781.506,0,0
06.06.2022 09:25:31.136 GMT+0200,8789.106,8782.106,0.0001,0
06.06.2022 09:25:34.016 GMT+0200,8789.556,8782.556,0,0
06.06.2022 09:25:36.092 GMT+0200,8789.546,8782.546,0,0
06.06.2022 09:25:39.127 GMT+0200,8788.546,8781.546,0.0001,0
06.06.2022 09:25:39.244 GMT+0200,8789.196,8782.196,0,0
06.06.2022 09:25:45.199 GMT+0200,8788.546,8781.546,0.0001,0
06.06.2022 09:25:46.046 GMT+0200,8789.146,8782.146,0.0001,0
06.06.2022 09:25:47.853 GMT+0200,8789.256,8782.256,0,0
06.06.2022 09:25:48.067 GMT+0200,8789.756,8782.756,0.0001,0
06.06.2022 09:25:50.072 GMT+0200,8788.986,8781.986,0.0001,0
06.06.2022 09:25:57.206 GMT+0200,8788.136,8781.136,0,0
06.06.2022 09:25:57.473 GMT+0200,8787.436,8780.436,0,0
06.06.2022 09:26:00.095 GMT+0200,8788.086,8781.086,0.0001,0
06.06.2022 09:26:04.071 GMT+0200,8787.946,8780.946,0,0
06.06.2022 09:26:04.915 GMT+0200,8788.596,8781.596,0,0
06.06.2022 09:26:09.071 GMT+0200,8789.096,8782.096,0,0
06.06.2022 09:26:12.316 GMT+0200,8789.546,8782.546,0,0
06.06.2022 09:26:14.268 GMT+0200,8789.586,8782.586,0,0
06.06.2022 09:26:14.455 GMT+0200,8790.186,8783.186,0,0
06.06.2022 09:26:15.017 GMT+0200,8789.686,8782.686,0,0
06.06.2022 09:26:15.242 GMT+0200,8790.086,8783.086,0,0
06.06.2022 09:26:16.158 GMT+0200,8790.486,8783.486,0,0
06.06.2022 09:26:17.103 GMT+0200,8789.986,8782.986,0.0001,0
06.06.2022 09:26:17.255 GMT+0200,8789.486,8782.486,0.0001,0
06.06.2022 09:26:17.580 GMT+0200,8790.086,8783.086,0,0
06.06.2022 09:26:17.806 GMT+0200,8790.586,8783.586,0,0
06.06.2022 09:26:18.671 GMT+0200,8789.436,8782.436,0.0001,0
06.06.2022 09:26:23.835 GMT+0200,8789.086,8782.086,0,0
06.06.2022 09:26:26.332 GMT+0200,8788.686,8781.686,0,0
06.06.2022 09:26:30.739 GMT+0200,8789.136,8782.136,0,0.0001
06.06.2022 09:26:30.858 GMT+0200,8788.436,8781.436,0,0
06.06.2022 09:26:34.367 GMT+0200,8788.446,8781.446,0.0001,0
06.06.2022 09:26:34.962 GMT+0200,8788.096,8781.096,0,0
06.06.2022 09:26:36.656 GMT+0200,8788.546,8781.546,0,0
06.06.2022 09:26:42.382 GMT+0200,8789.756,8782.756,0,0.0001
06.06.2022 09:26:45.424 GMT+0200,8788.546,8781.546,0.0001,0
06.06.2022 09:26:46.134 GMT+0200,8789.266,8782.266,0.0001,0
06.06.2022 09:26:50.908 GMT+0200,8789.766,8782.766,0,0.0001
06.06.2022 09:26:56.103 GMT+0200,8789.116,8782.116,0,0
06.06.2022 09:26:56.904 GMT+0200,8788.566,8781.566,0,0
06.06.2022 09:26:58.447 GMT+0200,8789.166,8782.166,0,0.0001
06.06.2022 09:26:58.550 GMT+0200,8789.276,8782.276,0,0
06.06.2022 09:27:02.307 GMT+0200,8789.066,8782.066,0,0
06.06.2022 09:27:03.342 GMT+0200,8788.566,8781.566,0,0
06.06.2022 09:27:04.519 GMT+0200,8789.226,8782.226,0,0.0001
06.06.2022 09:27:05.129 GMT+0200,8789.276,8782.276,0,0
06.06.2022 09:27:06.309 GMT+0200,8788.476,8781.476,0,0
06.06.2022 09:27:08.984 GMT+0200,8788.176,8781.176,0.0001,0
06.06.2022 09:27:15.080 GMT+0200,8788.676,8781.676,0,0
06.06.2022 09:27:15.964 GMT+0200,8789.786,8782.786,0,0.0001
06.06.2022 09:27:18.166 GMT+0200,8788.986,8781.986,0,0
06.06.2022 09:27:19.570 GMT+0200,8789.536,8782.536,0,0
06.06.2022 09:27:22.939 GMT+0200,8789.186,8782.186,0,0
06.06.2022 09:27:23.547 GMT+0200,8788.486,8781.486,0,0
06.06.2022 09:27:30.075 GMT+0200,8788.526,8781.526,0,0
06.06.2022 09:27:31.632 GMT+0200,8788.976,8781.976,0,0.0001
06.06.2022 09:27:32.412 GMT+0200,8789.476,8782.476,0,0.0001
06.06.2022 09:27:35.182 GMT+0200,8789.176,8782.176,0,0
06.06.2022 09:27:36.674 GMT+0200,8788.026,8781.026,0,0
06.06.2022 09:27:39.302 GMT+0200,8789.026,8782.026,0,0
06.06.2022 09:27:42.048 GMT+0200,8790.226,8783.226,0,0
06.06.2022 09:27:42.404 GMT+0200,8789.726,8782.726,0,0
06.06.2022 09:27:42.548 GMT+0200,8788.976,8781.976,0,0
06.06.2022 09:27:44.236 GMT+0200,8789.476,8782.476,0,0
06.06.2022 09:27:46.035 GMT+0200,8789.666,8782.666,0,0
06.06.2022 09:27:49.212 GMT+0200,8790.066,8783.066,0,0.0001
06.06.2022 09:27:50.417 GMT+0200,8789.666,8782.666,0,0
06.06.2022 09:27:56.759 GMT+0200,8790.766,8783.766,0,0
06.06.2022 09:27:57.375 GMT+0200,8789.456,8782.456,0,0
06.06.2022 09:27:59.798 GMT+0200,8790.106,8783.106,0,0
06.06.2022 09:28:00.094 GMT+0200,8790.756,8783.756,0,0
06.06.2022 09:28:02.379 GMT+0200,8789.596,8782.596,0,0
06.06.2022 09:28:06.132 GMT+0200,8789.536,8782.536,0,0
06.06.2022 09:28:09.068 GMT+0200,8790.086,8783.086,0,0
06.06.2022 09:28:09.359 GMT+0200,8790.246,8783.246,0,0
06.06.2022 09:28:12.227 GMT+0200,8790.236,8783.236,0,0
06.06.2022 09:28:15.352 GMT+0200,8789.126,8782.126,0,0
06.06.2022 09:28:15.805 GMT+0200,8789.236,8782.236,0,0
06.06.2022 09:28:15.935 GMT+0200,8787.976,8780.976,0,0
06.06.2022 09:28:17.316 GMT+0200,8788.476,8781.476,0,0
06.06.2022 09:28:20.720 GMT+0200,8788.176,8781.176,0.0001,0
06.06.2022 09:28:22.534 GMT+0200,8788.236,8781.236,0,0
06.06.2022 09:28:26.757 GMT+0200,8787.176,8780.176,0,0.0001
06.06.2022 09:28:27.288 GMT+0200,8786.576,8779.576,0,0
06.06.2022 09:28:28.111 GMT+0200,8787.026,8780.026,0,0.0001
06.06.2022 09:28:32.131 GMT+0200,8787.676,8780.676,0,0
06.06.2022 09:28:35.895 GMT+0200,8788.026,8781.026,0,0
06.06.2022 09:28:37.583 GMT+0200,8787.576,8780.576,0,0
06.06.2022 09:28:43.884 GMT+0200,8787.926,8780.926,0,0
06.06.2022 09:28:47.540 GMT+0200,8787.576,8780.576,0,0
06.06.2022 09:28:49.466 GMT+0200,8788.736,8781.736,0,0.0001
06.06.2022 09:28:52.347 GMT+0200,8788.626,8781.626,0.0001,0
06.06.2022 09:28:55.679 GMT+0200,8789.076,8782.076,0,0
06.06.2022 09:28:56.376 GMT+0200,8788.576,8781.576,0,0
06.06.2022 09:28:58.986 GMT+0200,8788.076,8781.076,0.0001,0
06.06.2022 09:29:01.519 GMT+0200,8787.526,8780.526,0,0
06.06.2022 09:29:04.194 GMT+0200,8787.976,8780.976,0,0.0001
06.06.2022 09:29:05.796 GMT+0200,8787.576,8780.576,0,0
06.06.2022 09:29:06.293 GMT+0200,8788.176,8781.176,0,0
06.06.2022 09:29:07.534 GMT+0200,8788.676,8781.676,0,0
06.06.2022 09:29:07.750 GMT+0200,8788.976,8781.976,0,0
06.06.2022 09:29:07.911 GMT+0200,8788.676,8781.676,0,0
06.06.2022 09:29:10.541 GMT+0200,8789.626,8782.626,0,0
06.06.2022 09:29:19.242 GMT+0200,8790.026,8783.026,0,0.0001
06.06.2022 09:29:19.363 GMT+0200,8790.476,8783.476,0,0.0001
06.06.2022 09:29:20.186 GMT+0200,8790.516,8783.516,0,0
06.06.2022 09:29:20.475 GMT+0200,8790.726,8783.726,0.0001,0
06.06.2022 09:29:21.445 GMT+0200,8790.226,8783.226,0,0
06.06.2022 09:29:24.253 GMT+0200,8789.626,8782.626,0,0
06.06.2022 09:29:28.680 GMT+0200,8788.626,8781.626,0.0001,0
06.06.2022 09:29:31.600 GMT+0200,8788.236,8781.236,0,0.0001
06.06.2022 09:29:33.043 GMT+0200,8787.976,8780.976,0,0
06.06.2022 09:29:33.162 GMT+0200,8787.626,8780.626,0,0
06.06.2022 09:29:36.634 GMT+0200,8787.686,8780.686,0,0
06.06.2022 09:29:39.841 GMT+0200,8787.986,8780.986,0,0
06.06.2022 09:29:40.522 GMT+0200,8788.636,8781.636,0,0
06.06.2022 09:29:44.043 GMT+0200,8788.496,8781.496,0,0
06.06.2022 09:29:48.222 GMT+0200,8788.196,8781.196,0,0
06.06.2022 09:29:48.822 GMT+0200,8788.546,8781.546,0,0
06.06.2022 09:29:53.571 GMT+0200,8789.146,8782.146,0,0.0001
06.06.2022 09:29:54.203 GMT+0200,8789.256,8782.256,0,0
06.06.2022 09:29:56.200 GMT+0200,8789.266,8782.266,0,0.0001
06.06.2022 09:30:01.131 GMT+0200,8788.056,8781.056,0.0001,0
06.06.2022 09:30:02.431 GMT+0200,8787.506,8780.506,0.0001,0
06.06.2022 09:30:02.946 GMT+0200,8787.056,8780.056,0,0
06.06.2022 09:30:03.076 GMT+0200,8788.766,8781.766,0,0
06.06.2022 09:30:06.171 GMT+0200,8787.516,8780.516,0,0
06.06.2022 09:30:06.281 GMT+0200,8788.166,8781.166,0,0
06.06.2022 09:30:08.583 GMT+0200,8788.666,8781.666,0,0
06.06.2022 09:30:08.704 GMT+0200,8788.966,8781.966,0,0
06.06.2022 09:30:13.247 GMT+0200,8789.026,8782.026,0,0
06.06.2022 09:30:18.686 GMT+0200,8790.286,8783.286,0,0
06.06.2022 09:30:40.334 GMT+0200,8789.126,8782.126,0.0001,0
06.06.2022 09:30:42.074 GMT+0200,8789.476,8782.476,0,0
06.06.2022 09:30:45.501 GMT+0200,8789.026,8782.026,0.0001,0
06.06.2022 09:31:00.502 GMT+0200,8788.726,8781.726,0.0001,0
06.06.2022 09:31:00.647 GMT+0200,8788.176,8781.176,0.0001,0
06.06.2022 09:31:08.397 GMT+0200,8788.086,8781.086,0,0
06.06.2022 09:31:09.654 GMT+0200,8787.686,8780.686,0,0
06.06.2022 09:31:09.936 GMT+0200,8788.236,8781.236,0,0.0001
06.06.2022 09:31:11.086 GMT+0200,8786.686,8779.686,0,0
06.06.2022 09:31:24.179 GMT+0200,8786.036,8779.036,0.0001,0
06.06.2022 09:31:24.965 GMT+0200,8786.296,8779.296,0.0001,0
06.06.2022 09:31:25.087 GMT+0200,8786.036,8779.036,0.0001,0
06.06.2022 09:31:26.053 GMT+0200,8786.026,8779.026,0,0
06.06.2022 09:31:27.088 GMT+0200,8785.476,8778.476,0,0
06.06.2022 09:31:27.203 GMT+0200,8786.126,8779.126,0,0
06.06.2022 09:31:27.658 GMT+0200,8785.526,8778.526,0.0001,0
06.06.2022 09:31:27.762 GMT+0200,8785.976,8778.976,0.0001,0
06.06.2022 09:31:27.871 GMT+0200,8785.726,8778.726,0.0001,0
06.06.2022 09:31:28.000 GMT+0200,8786.126,8779.126,0.0001,0
06.06.2022 09:31:29.924 GMT+0200,8785.676,8778.676,0.0001,0
06.06.2022 09:31:31.195 GMT+0200,8786.076,8779.076,0.0001,0
06.06.2022 09:31:31.522 GMT+0200,8785.476,8778.476,0.0001,0
06.06.2022 09:31:37.202 GMT+0200,8786.176,8779.176,0.0001,0
06.06.2022 09:31:40.922 GMT+0200,8787.286,8780.286,0,0
06.06.2022 09:31:42.154 GMT+0200,8786.076,8779.076,0.0001,0
06.06.2022 09:31:45.416 GMT+0200,8786.726,8779.726,0,0
06.06.2022 09:31:46.766 GMT+0200,8787.076,8780.076,0,0
06.06.2022 09:31:46.947 GMT+0200,8786.526,8779.526,0,0
06.06.2022 09:31:48.982 GMT+0200,8786.786,8779.786,0.0001,0
06.06.2022 09:31:50.884 GMT+0200,8785.726,8778.726,0,0
06.06.2022 09:31:51.531 GMT+0200,8785.126,8778.126,0,0
06.06.2022 09:31:56.041 GMT+0200,8785.136,8778.136,0,0
06.06.2022 09:31:58.122 GMT+0200,8785.296,8778.296,0,0
06.06.2022 09:31:58.271 GMT+0200,8785.236,8778.236,0,0
06.06.2022 09:31:59.201 GMT+0200,8784.636,8777.636,0,0
06.06.2022 09:31:59.354 GMT+0200,8785.036,8778.036,0,0
06.06.2022 09:32:00.914 GMT+0200,8785.296,8778.296,0,0
06.06.2022 09:32:01.103 GMT+0200,8785.036,8778.036,0,0
06.06.2022 09:32:13.027 GMT+0200,8785.536,8778.536,0,0
06.06.2022 09:32:13.719 GMT+0200,8785.236,8778.236,0,0
06.06.2022 09:32:14.743 GMT+0200,8785.536,8778.536,0,0
06.06.2022 09:32:14.855 GMT+0200,8785.136,8778.136,0,0
06.06.2022 09:32:14.994 GMT+0200,8785.736,8778.736,0,0
06.06.2022 09:32:15.121 GMT+0200,8786.186,8779.186,0,0
06.06.2022 09:32:15.230 GMT+0200,8785.536,8778.536,0,0
06.06.2022 09:32:15.487 GMT+0200,8786.036,8779.036,0,0
06.06.2022 09:32:16.352 GMT+0200,8785.736,8778.736,0,0
06.06.2022 09:32:18.272 GMT+0200,8785.136,8778.136,0,0
06.06.2022 09:32:19.083 GMT+0200,8785.636,8778.636,0,0
06.06.2022 09:32:21.622 GMT+0200,8785.796,8778.796,0,0
06.06.2022 09:32:28.467 GMT+0200,8784.536,8777.536,0.0001,0
06.06.2022 09:32:28.687 GMT+0200,8785.796,8778.796,0.0001,0
06.06.2022 09:32:30.937 GMT+0200,8784.486,8777.486,0,0
06.06.2022 09:32:31.159 GMT+0200,8785.136,8778.136,0.0001,0
06.06.2022 09:32:37.524 GMT+0200,8784.736,8777.736,0.0001,0
06.06.2022 09:32:49.579 GMT+0200,8784.986,8777.986,0.0001,0
06.06.2022 09:32:50.789 GMT+0200,8784.536,8777.536,0.0001,0
06.06.2022 09:32:56.179 GMT+0200,8784.796,8777.796,0.0001,0
06.06.2022 09:33:06.175 GMT+0200,8784.246,8777.246,0,0
06.06.2022 09:33:06.954 GMT+0200,8785.306,8778.306,0,0
06.06.2022 09:33:07.070 GMT+0200,8785.246,8778.246,0,0
06.06.2022 09:33:08.106 GMT+0200,8786.236,8779.236,0,0
06.06.2022 09:33:09.369 GMT+0200,8786.486,8779.486,0,0
06.06.2022 09:33:09.807 GMT+0200,8787.236,8780.236,0,0
06.06.2022 09:33:17.727 GMT+0200,8786.736,8779.736,0,0
06.06.2022 09:33:19.528 GMT+0200,8787.236,8780.236,0,0
06.06.2022 09:33:20.799 GMT+0200,8786.586,8779.586,0,0
06.06.2022 09:33:23.771 GMT+0200,8787.236,8780.236,0,0
06.06.2022 09:33:24.190 GMT+0200,8786.686,8779.686,0,0
06.06.2022 09:33:24.343 GMT+0200,8787.136,8780.136,0,0
06.06.2022 09:33:25.291 GMT+0200,8786.586,8779.586,0,0
06.06.2022 09:33:28.790 GMT+0200,8787.136,8780.136,0,0
06.06.2022 09:33:29.753 GMT+0200,8786.136,8779.136,0,0
06.06.2022 09:33:29.888 GMT+0200,8786.686,8779.686,0,0
06.06.2022 09:33:37.594 GMT+0200,8786.136,8779.136,0,0
06.06.2022 09:33:42.581 GMT+0200,8785.136,8778.136,0,0
06.06.2022 09:33:43.453 GMT+0200,8784.486,8777.486,0,0
06.06.2022 09:33:47.460 GMT+0200,8785.036,8778.036,0,0
06.06.2022 09:33:48.161 GMT+0200,8786.036,8779.036,0,0
06.06.2022 09:33:48.267 GMT+0200,8785.586,8778.586,0,0
06.06.2022 09:33:53.575 GMT+0200,8786.136,8779.136,0,0
06.06.2022 09:33:57.047 GMT+0200,8786.296,8779.296,0,0
06.06.2022 09:34:00.098 GMT+0200,8785.746,8778.746,0,0
06.06.2022 09:34:14.157 GMT+0200,8786.096,8779.096,0,0.0001
06.06.2022 09:34:14.646 GMT+0200,8786.646,8779.646,0,0
06.06.2022 09:34:14.791 GMT+0200,8787.046,8780.046,0,0
06.06.2022 09:34:18.369 GMT+0200,8788.146,8781.146,0,0
06.06.2022 09:34:18.582 GMT+0200,8787.696,8780.696,0,0
06.06.2022 09:34:22.399 GMT+0200,8788.806,8781.806,0,0.0001
06.06.2022 09:34:22.577 GMT+0200,8788.306,8781.306,0,0.0001
06.06.2022 09:34:24.105 GMT+0200,8788.296,8781.296,0,0.0001
06.06.2022 09:34:26.148 GMT+0200,8787.746,8780.746,0,0
06.06.2022 09:34:26.252 GMT+0200,8788.596,8781.596,0,0
06.06.2022 09:34:34.099 GMT+0200,8788.806,8781.806,0,0
06.06.2022 09:34:39.358 GMT+0200,8787.496,8780.496,0,0.0001
06.06.2022 09:34:40.635 GMT+0200,8788.046,8781.046,0,0.0001
06.06.2022 09:34:41.665 GMT+0200,8788.496,8781.496,0,0
06.06.2022 09:34:48.707 GMT+0200,8789.316,8782.316,0,0
06.06.2022 09:34:49.353 GMT+0200,8788.306,8781.306,0,0
06.06.2022 09:34:50.183 GMT+0200,8787.556,8780.556,0,0
06.06.2022 09:34:52.022 GMT+0200,8788.156,8781.156,0,0
06.06.2022 09:34:52.192 GMT+0200,8788.606,8781.606,0,0
06.06.2022 09:34:54.901 GMT+0200,8788.056,8781.056,0,0
06.06.2022 09:34:55.647 GMT+0200,8787.756,8780.756,0,0
06.06.2022 09:34:56.975 GMT+0200,8788.106,8781.106,0,0.0001
06.06.2022 09:34:58.055 GMT+0200,8787.506,8780.506,0,0
06.06.2022 09:34:58.403 GMT+0200,8788.206,8781.206,0,0.0001
06.06.2022 09:34:59.483 GMT+0200,8788.756,8781.756,0,0
06.06.2022 09:35:01.008 GMT+0200,8789.056,8782.056,0,0.0001
06.06.2022 09:35:01.171 GMT+0200,8788.606,8781.606,0,0.0001
06.06.2022 09:35:04.093 GMT+0200,8788.746,8781.746,0,0.0001
06.06.2022 09:35:04.716 GMT+0200,8789.246,8782.246,0,0.0001
06.06.2022 09:35:05.490 GMT+0200,8788.696,8781.696,0,0
06.06.2022 09:35:06.497 GMT+0200,8788.196,8781.196,0,0
06.06.2022 09:35:06.913 GMT+0200,8789.306,8782.306,0,0
06.06.2022 09:35:12.815 GMT+0200,8788.806,8781.806,0,0
06.06.2022 09:35:17.252 GMT+0200,8787.696,8780.696,0,0
06.06.2022 09:35:22.166 GMT+0200,8788.196,8781.196,0,0
06.06.2022 09:35:22.325 GMT+0200,8787.746,8780.746,0,0
06.06.2022 09:35:22.427 GMT+0200,8788.746,8781.746,0,0
06.06.2022 09:35:24.859 GMT+0200,8787.996,8780.996,0,0
06.06.2022 09:35:27.028 GMT+0200,8788.646,8781.646,0,0
06.06.2022 09:35:29.260 GMT+0200,8788.686,8781.686,0.0001,0
06.06.2022 09:35:36.109 GMT+0200,8787.986,8780.986,0.0001,0
06.06.2022 09:35:38.696 GMT+0200,8788.226,8781.226,0,0
06.06.2022 09:35:53.582 GMT+0200,8789.176,8782.176,0.0001,0
06.06.2022 09:35:54.573 GMT+0200,8788.476,8781.476,0,0
06.06.2022 09:35:55.144 GMT+0200,8789.076,8782.076,0,0.0001
06.06.2022 09:35:56.490 GMT+0200,8789.736,8782.736,0,0
06.06.2022 09:35:58.235 GMT+0200,8789.726,8782.726,0,0
06.06.2022 09:36:03.080 GMT+0200,8788.976,8781.976,0,0
06.06.2022 09:36:03.190 GMT+0200,8790.286,8783.286,0,0
06.06.2022 09:36:03.812 GMT+0200,8790.026,8783.026,0,0
06.06.2022 09:36:06.086 GMT+0200,8790.116,8783.116,0,0
06.06.2022 09:36:08.780 GMT+0200,8790.566,8783.566,0,0
06.06.2022 09:36:16.308 GMT+0200,8790.776,8783.776,0.0001,0
06.06.2022 09:36:21.982 GMT+0200,8790.716,8783.716,0,0
06.06.2022 09:36:22.131 GMT+0200,8790.506,8783.506,0,0
06.06.2022 09:36:34.632 GMT+0200,8790.696,8783.696,0,0
06.06.2022 09:36:42.376 GMT+0200,8790.946,8783.946,0,0
06.06.2022 09:36:42.485 GMT+0200,8790.496,8783.496,0,0
06.06.2022 09:36:43.692 GMT+0200,8791.196,8784.196,0,0
06.06.2022 09:36:43.909 GMT+0200,8791.696,8784.696,0,0
06.06.2022 09:36:44.028 GMT+0200,8791.436,8784.436,0,0
06.06.2022 09:36:46.984 GMT+0200,8791.086,8784.086,0.0001,0
06.06.2022 09:36:47.131 GMT+0200,8791.586,8784.586,0.0001,0
06.06.2022 09:36:51.958 GMT+0200,8790.986,8783.986,0.0001,0
06.06.2022 09:36:52.411 GMT+0200,8791.076,8784.076,0.0001,0
06.06.2022 09:36:52.519 GMT+0200,8790.526,8783.526,0,0
06.06.2022 09:36:55.253 GMT+0200,8789.976,8782.976,0,0
06.06.2022 09:36:55.458 GMT+0200,8790.426,8783.426,0,0
06.06.2022 09:36:55.836 GMT+0200,8790.976,8783.976,0,0
06.06.2022 09:36:55.972 GMT+0200,8791.676,8784.676,0,0
06.06.2022 09:36:59.374 GMT+0200,8790.926,8783.926,0.0001,0
06.06.2022 09:37:00.089 GMT+0200,8790.916,8783.916,0,0
06.06.2022 09:37:02.619 GMT+0200,8791.466,8784.466,0,0
06.06.2022 09:37:04.811 GMT+0200,8791.016,8784.016,0.0001,0
06.06.2022 09:37:06.268 GMT+0200,8790.466,8783.466,0,0
06.06.2022 09:37:06.553 GMT+0200,8790.116,8783.116,0,0
06.06.2022 09:37:07.548 GMT+0200,8790.416,8783.416,0,0
06.06.2022 09:37:10.616 GMT+0200,8790.626,8783.626,0,0
06.06.2022 09:37:10.819 GMT+0200,8789.976,8782.976,0,0
06.06.2022 09:37:11.483 GMT+0200,8790.526,8783.526,0,0
06.06.2022 09:37:12.476 GMT+0200,8790.566,8783.566,0,0
06.06.2022 09:37:13.164 GMT+0200,8790.166,8783.166,0,0
06.06.2022 09:37:17.207 GMT+0200,8790.416,8783.416,0,0
06.06.2022 09:37:21.674 GMT+0200,8790.726,8783.726,0,0
06.06.2022 09:37:22.908 GMT+0200,8789.416,8782.416,0,0
06.06.2022 09:37:23.355 GMT+0200,8789.726,8782.726,0,0
06.06.2022 09:37:25.291 GMT+0200,8788.466,8781.466,0,0
06.06.2022 09:37:25.407 GMT+0200,8789.726,8782.726,0,0
06.06.2022 09:37:36.498 GMT+0200,8790.226,8783.226,0,0
06.06.2022 09:37:42.163 GMT+0200,8789.726,8782.726,0.0001,0
06.06.2022 09:37:45.867 GMT+0200,8788.416,8781.416,0.0001,0
06.06.2022 09:37:46.107 GMT+0200,8788.966,8781.966,0.0001,0
06.06.2022 09:37:46.710 GMT+0200,8788.606,8781.606,0.0001,0
06.06.2022 09:37:46.825 GMT+0200,8789.166,8782.166,0.0001,0
06.06.2022 09:37:47.078 GMT+0200,8788.606,8781.606,0.0001,0
06.06.2022 09:37:47.383 GMT+0200,8789.166,8782.166,0.0001,0
06.06.2022 09:37:48.972 GMT+0200,8789.106,8782.106,0.0001,0
06.06.2022 09:38:07.323 GMT+0200,8789.606,8782.606,0,0
06.06.2022 09:38:08.413 GMT+0200,8789.956,8782.956,0,0
06.06.2022 09:38:08.731 GMT+0200,8789.556,8782.556,0,0
06.06.2022 09:38:09.438 GMT+0200,8790.716,8783.716,0,0
06.06.2022 09:38:09.685 GMT+0200,8789.556,8782.556,0,0
06.06.2022 09:38:11.435 GMT+0200,8790.106,8783.106,0,0
06.06.2022 09:38:11.810 GMT+0200,8789.506,8782.506,0,0
06.06.2022 09:38:14.361 GMT+0200,8789.446,8782.446,0,0
06.06.2022 09:38:17.868 GMT+0200,8790.706,8783.706,0,0
06.06.2022 09:38:18.223 GMT+0200,8789.646,8782.646,0,0
06.06.2022 09:38:22.686 GMT+0200,8790.396,8783.396,0,0
06.06.2022 09:38:24.317 GMT+0200,8789.946,8782.946,0,0
06.06.2022 09:38:24.973 GMT+0200,8789.446,8782.446,0,0
06.06.2022 09:38:26.019 GMT+0200,8790.046,8783.046,0,0
06.06.2022 09:38:26.126 GMT+0200,8790.136,8783.136,0,0
06.06.2022 09:38:26.852 GMT+0200,8790.486,8783.486,0,0
06.06.2022 09:38:33.189 GMT+0200,8790.426,8783.426,0,0
06.06.2022 09:38:39.104 GMT+0200,8791.176,8784.176,0,0
06.06.2022 09:38:48.307 GMT+0200,8790.406,8783.406,0,0
06.06.2022 09:38:56.215 GMT+0200,8790.546,8783.546,0,0
06.06.2022 09:38:56.628 GMT+0200,8791.046,8784.046,0,0
06.06.2022 09:38:57.003 GMT+0200,8791.546,8784.546,0,0
06.06.2022 09:38:59.483 GMT+0200,8791.996,8784.996,0,0.0001
06.06.2022 09:39:00.308 GMT+0200,8791.596,8784.596,0,0.0001
06.06.2022 09:39:04.665 GMT+0200,8791.436,8784.436,0,0.0001
06.06.2022 09:39:06.043 GMT+0200,8790.886,8783.886,0,0.0001
06.06.2022 09:39:06.242 GMT+0200,8791.486,8784.486,0,0.0001
06.06.2022 09:39:10.174 GMT+0200,8791.326,8784.326,0,0
06.06.2022 09:39:18.077 GMT+0200,8791.066,8784.066,0.0001,0
06.06.2022 09:39:18.856 GMT+0200,8792.126,8785.126,0,0
06.06.2022 09:39:24.474 GMT+0200,8793.626,8786.626,0,0
06.06.2022 09:39:24.719 GMT+0200,8792.316,8785.316,0,0
06.06.2022 09:39:27.038 GMT+0200,8792.556,8785.556,0,0
06.06.2022 09:39:30.555 GMT+0200,8792.546,8785.546,0,0
06.06.2022 09:39:36.183 GMT+0200,8792.386,8785.386,0,0
06.06.2022 09:39:37.474 GMT+0200,8793.386,8786.386,0,0
06.06.2022 09:39:38.796 GMT+0200,8793.596,8786.596,0,0
06.06.2022 09:39:40.145 GMT+0200,8792.876,8785.876,0,0
06.06.2022 09:39:49.214 GMT+0200,8792.866,8785.866,0,0
06.06.2022 09:39:51.671 GMT+0200,8793.066,8786.066,0,0
06.06.2022 09:39:59.448 GMT+0200,8794.066,8787.066,0.0001,0
06.06.2022 09:40:00.195 GMT+0200,8793.496,8786.496,0.0001,0
06.06.2022 09:40:03.258 GMT+0200,8793.556,8786.556,0,0
06.06.2022 09:40:06.968 GMT+0200,8793.546,8786.546,0,0
06.06.2022 09:40:10.602 GMT+0200,8792.286,8785.286,0,0
06.06.2022 09:40:14.618 GMT+0200,8792.276,8785.276,0,0
06.06.2022 09:40:23.144 GMT+0200,8792.316,8785.316,0,0
06.06.2022 09:40:29.339 GMT+0200,8791.806,8784.806,0,0
06.06.2022 09:40:29.452 GMT+0200,8793.016,8786.016,0,0
06.06.2022 09:40:30.027 GMT+0200,8791.756,8784.756,0,0
06.06.2022 09:40:30.148 GMT+0200,8791.306,8784.306,0,0
06.06.2022 09:40:32.333 GMT+0200,8791.906,8784.906,0,0
06.06.2022 09:40:33.210 GMT+0200,8792.306,8785.306,0,0
06.06.2022 09:40:40.898 GMT+0200,8792.706,8785.706,0,0
06.06.2022 09:40:42.155 GMT+0200,8793.206,8786.206,0,0
06.06.2022 09:40:44.711 GMT+0200,8793.346,8786.346,0,0
06.06.2022 09:40:47.604 GMT+0200,8793.796,8786.796,0,0
06.06.2022 09:40:48.221 GMT+0200,8794.196,8787.196,0,0
06.06.2022 09:40:50.430 GMT+0200,8794.506,8787.506,0,0
06.06.2022 09:40:50.959 GMT+0200,8793.296,8786.296,0,0
06.06.2022 09:40:56.868 GMT+0200,8792.896,8785.896,0,0
06.06.2022 09:40:57.376 GMT+0200,8792.396,8785.396,0,0
06.06.2022 09:41:09.319 GMT+0200,8792.746,8785.746,0,0
06.06.2022 09:41:10.194 GMT+0200,8792.686,8785.686,0,0
06.06.2022 09:41:10.407 GMT+0200,8792.386,8785.386,0,0
06.06.2022 09:41:12.227 GMT+0200,8792.736,8785.736,0,0
06.06.2022 09:41:12.552 GMT+0200,8792.186,8785.186,0,0
06.06.2022 09:41:19.208 GMT+0200,8792.496,8785.496,0,0
06.06.2022 09:41:20.199 GMT+0200,8791.996,8784.996,0,0
06.06.2022 09:41:22.464 GMT+0200,8791.226,8784.226,0,0
06.06.2022 09:41:22.625 GMT+0200,8791.676,8784.676,0,0
06.06.2022 09:41:23.061 GMT+0200,8791.326,8784.326,0,0
06.06.2022 09:41:23.195 GMT+0200,8791.676,8784.676,0,0.0001
06.06.2022 09:41:23.978 GMT+0200,8791.376,8784.376,0,0
06.06.2022 09:41:26.026 GMT+0200,8791.186,8784.186,0,0
06.06.2022 09:41:29.513 GMT+0200,8792.496,8785.496,0,0
06.06.2022 09:41:29.674 GMT+0200,8791.386,8784.386,0,0
06.06.2022 09:41:32.414 GMT+0200,8791.836,8784.836,0,0
06.06.2022 09:41:33.026 GMT+0200,8791.336,8784.336,0,0
06.06.2022 09:41:33.441 GMT+0200,8791.736,8784.736,0,0
06.06.2022 09:41:34.329 GMT+0200,8791.436,8784.436,0,0
06.06.2022 09:41:35.109 GMT+0200,8791.836,8784.836,0,0
06.06.2022 09:41:37.667 GMT+0200,8791.286,8784.286,0,0
06.06.2022 09:41:43.919 GMT+0200,8791.836,8784.836,0,0
06.06.2022 09:41:44.801 GMT+0200,8791.236,8784.236,0,0
06.06.2022 09:41:50.707 GMT+0200,8791.496,8784.496,0,0
06.06.2022 09:41:53.411 GMT+0200,8790.436,8783.436,0,0
06.06.2022 09:41:53.587 GMT+0200,8790.686,8783.686,0,0
06.06.2022 09:41:53.731 GMT+0200,8790.996,8783.996,0,0
06.06.2022 09:41:53.867 GMT+0200,8791.496,8784.496,0,0
06.06.2022 09:41:54.104 GMT+0200,8790.696,8783.696,0,0
06.06.2022 09:42:02.272 GMT+0200,8791.346,8784.346,0,0
06.06.2022 09:42:03.146 GMT+0200,8790.846,8783.846,0,0
06.06.2022 09:42:04.291 GMT+0200,8790.956,8783.956,0,0
06.06.2022 09:42:04.468 GMT+0200,8791.256,8784.256,0,0
06.06.2022 09:42:14.877 GMT+0200,8791.706,8784.706,0,0
06.06.2022 09:42:21.126 GMT+0200,8793.016,8786.016,0,0
06.06.2022 09:42:25.946 GMT+0200,8792.856,8785.856,0,0
06.06.2022 09:42:26.979 GMT+0200,8793.306,8786.306,0,0
06.06.2022 09:42:29.514 GMT+0200,8792.756,8785.756,0,0
06.06.2022 09:42:29.647 GMT+0200,8792.306,8785.306,0,0
06.06.2022 09:42:40.613 GMT+0200,8792.706,8785.706,0,0
06.06.2022 09:42:42.875 GMT+0200,8793.356,8786.356,0,0
06.06.2022 09:42:46.062 GMT+0200,8793.396,8786.396,0,0
06.06.2022 09:42:47.544 GMT+0200,8792.896,8785.896,0,0
06.06.2022 09:42:48.673 GMT+0200,8793.006,8786.006,0,0
06.06.2022 09:42:59.234 GMT+0200,8792.336,8785.336,0,0
06.06.2022 09:42:59.582 GMT+0200,8791.936,8784.936,0,0
06.06.2022 09:42:59.866 GMT+0200,8792.336,8785.336,0,0
06.06.2022 09:43:00.045 GMT+0200,8791.686,8784.686,0.0001,0
06.06.2022 09:43:00.163 GMT+0200,8792.436,8785.436,0.0001,0
06.06.2022 09:43:00.294 GMT+0200,8791.186,8784.186,0.0001,0
06.06.2022 09:43:08.001 GMT+0200,8792.286,8785.286,0,0
06.06.2022 09:43:10.849 GMT+0200,8791.936,8784.936,0,0
06.06.2022 09:43:12.108 GMT+0200,8791.236,8784.236,0,0
06.06.2022 09:43:15.387 GMT+0200,8791.376,8784.376,0,0.0001
06.06.2022 09:43:18.199 GMT+0200,8791.996,8784.996,0,0
06.06.2022 09:43:22.539 GMT+0200,8791.736,8784.736,0,0
06.06.2022 09:43:27.796 GMT+0200,8792.186,8785.186,0,0
06.06.2022 09:43:30.163 GMT+0200,8792.326,8785.326,0,0
06.06.2022 09:43:32.680 GMT+0200,8792.776,8785.776,0,0
06.06.2022 09:43:39.202 GMT+0200,8792.916,8785.916,0,0
06.06.2022 09:43:44.220 GMT+0200,8792.406,8785.406,0,0
06.06.2022 09:43:53.222 GMT+0200,8791.706,8784.706,0,0
06.06.2022 09:43:53.360 GMT+0200,8791.306,8784.306,0,0
06.06.2022 09:44:00.225 GMT+0200,8791.196,8784.196,0,0
06.06.2022 09:44:01.061 GMT+0200,8790.746,8783.746,0,0
06.06.2022 09:44:01.628 GMT+0200,8790.956,8783.956,0,0
06.06.2022 09:44:01.943 GMT+0200,8791.456,8784.456,0,0
06.06.2022 09:44:03.115 GMT+0200,8790.956,8783.956,0,0
06.06.2022 09:44:03.263 GMT+0200,8791.456,8784.456,0,0
06.06.2022 09:44:04.638 GMT+0200,8790.346,8783.346,0,0
06.06.2022 09:44:04.759 GMT+0200,8790.746,8783.746,0,0
06.06.2022 09:44:11.384 GMT+0200,8790.296,8783.296,0,0
06.06.2022 09:44:11.557 GMT+0200,8790.746,8783.746,0,0
06.06.2022 09:44:12.904 GMT+0200,8790.956,8783.956,0,0
06.06.2022 09:44:13.018 GMT+0200,8790.796,8783.796,0,0
06.06.2022 09:44:15.004 GMT+0200,8790.296,8783.296,0,0
06.06.2022 09:44:15.281 GMT+0200,8790.796,8783.796,0,0
06.06.2022 09:44:17.621 GMT+0200,8791.846,8784.846,0,0
06.06.2022 09:44:18.549 GMT+0200,8791.396,8784.396,0,0
06.06.2022 09:44:22.088 GMT+0200,8791.286,8784.286,0,0
06.06.2022 09:44:27.749 GMT+0200,8790.836,8783.836,0.0001,0
06.06.2022 09:44:37.554 GMT+0200,8791.336,8784.336,0,0
06.06.2022 09:44:39.979 GMT+0200,8791.736,8784.736,0,0
06.06.2022 09:44:40.373 GMT+0200,8791.326,8784.326,0,0
06.06.2022 09:44:55.331 GMT+0200,8791.436,8784.436,0,0
06.06.2022 09:44:59.208 GMT+0200,8789.876,8782.876,0,0
06.06.2022 09:45:00.110 GMT+0200,8790.376,8783.376,0,0
06.06.2022 09:45:02.139 GMT+0200,8790.336,8783.336,0,0
06.06.2022 09:45:02.974 GMT+0200,8790.736,8783.736,0,0
06.06.2022 09:45:03.867 GMT+0200,8790.336,8783.336,0,0
06.06.2022 09:45:04.282 GMT+0200,8790.886,8783.886,0,0.0001
06.06.2022 09:45:05.117 GMT+0200,8790.946,8783.946,0,0
06.06.2022 09:45:08.347 GMT+0200,8790.836,8783.836,0,0
06.06.2022 09:45:11.423 GMT+0200,8790.276,8783.276,0,0
06.06.2022 09:45:11.699 GMT+0200,8790.776,8783.776,0,0
06.06.2022 09:45:11.925 GMT+0200,8791.376,8784.376,0,0
06.06.2022 09:45:15.055 GMT+0200,8790.676,8783.676,0,0
06.06.2022 09:45:20.266 GMT+0200,8790.176,8783.176,0,0
06.06.2022 09:45:21.005 GMT+0200,8790.776,8783.776,0,0
06.06.2022 09:45:22.099 GMT+0200,8791.936,8784.936,0,0
06.06.2022 09:45:24.035 GMT+0200,8791.166,8784.166,0,0
06.06.2022 09:45:24.156 GMT+0200,8790.266,8783.266,0,0
06.06.2022 09:45:26.275 GMT+0200,8790.666,8783.666,0,0
06.06.2022 09:45:26.397 GMT+0200,8791.766,8784.766,0,0
06.06.2022 09:45:26.546 GMT+0200,8791.216,8784.216,0,0
06.06.2022 09:45:33.122 GMT+0200,8791.916,8784.916,0,0
06.06.2022 09:45:38.093 GMT+0200,8792.416,8785.416,0,0
06.06.2022 09:45:40.335 GMT+0200,8792.406,8785.406,0,0
06.06.2022 09:45:42.447 GMT+0200,8792.846,8785.846,0,0
06.06.2022 09:45:42.552 GMT+0200,8792.346,8785.346,0,0
06.06.2022 09:45:46.284 GMT+0200,8792.236,8785.236,0,0
06.06.2022 09:45:47.556 GMT+0200,8793.396,8786.396,0,0
06.06.2022 09:45:47.676 GMT+0200,8792.086,8785.086,0,0
06.06.2022 09:45:55.976 GMT+0200,8791.836,8784.836,0,0
06.06.2022 09:45:58.507 GMT+0200,8792.126,8785.126,0,0
06.06.2022 09:46:04.151 GMT+0200,8792.166,8785.166,0,0
06.06.2022 09:46:05.407 GMT+0200,8791.566,8784.566,0,0
06.06.2022 09:46:05.780 GMT+0200,8792.316,8785.316,0,0
06.06.2022 09:46:07.203 GMT+0200,8791.666,8784.666,0.0001,0
06.06.2022 09:46:13.010 GMT+0200,8791.876,8784.876,0,0
06.06.2022 09:46:14.054 GMT+0200,8791.156,8784.156,0,0
06.06.2022 09:46:24.196 GMT+0200,8791.146,8784.146,0,0
06.06.2022 09:46:33.438 GMT+0200,8790.096,8783.096,0,0
06.06.2022 09:46:37.300 GMT+0200,8791.356,8784.356,0,0.0001
06.06.2022 09:46:37.451 GMT+0200,8790.146,8783.146,0,0.0001
06.06.2022 09:46:44.174 GMT+0200,8790.236,8783.236,0.0001,0
06.06.2022 09:46:58.043 GMT+0200,8790.276,8783.276,0.0001,0
06.06.2022 09:46:59.750 GMT+0200,8790.576,8783.576,0,0.0001
06.06.2022 09:47:01.139 GMT+0200,8790.836,8783.836,0,0
06.06.2022 09:47:02.331 GMT+0200,8790.776,8783.776,0,0.0001
06.06.2022 09:47:03.188 GMT+0200,8790.836,8783.836,0,0
06.06.2022 09:47:05.406 GMT+0200,8789.726,8782.726,0.0001,0
06.06.2022 09:47:08.528 GMT+0200,8790.026,8783.026,0,0
06.06.2022 09:47:08.782 GMT+0200,8790.576,8783.576,0,0
06.06.2022 09:47:10.436 GMT+0200,8791.276,8784.276,0,0
06.06.2022 09:47:14.748 GMT+0200,8791.116,8784.116,0,0
06.06.2022 09:47:22.261 GMT+0200,8790.216,8783.216,0,0
06.06.2022 09:47:32.667 GMT+0200,8789.666,8782.666,0,0
06.06.2022 09:47:38.974 GMT+0200,8790.726,8783.726,0,0
06.06.2022 09:47:39.381 GMT+0200,8791.836,8784.836,0,0
06.06.2022 09:47:40.127 GMT+0200,8791.166,8784.166,0,0.0001
06.06.2022 09:47:40.286 GMT+0200,8791.766,8784.766,0,0.0001
06.06.2022 09:47:50.371 GMT+0200,8792.266,8785.266,0,0
06.06.2022 09:47:51.748 GMT+0200,8792.766,8785.766,0,0.0001
06.06.2022 09:47:52.338 GMT+0200,8792.606,8785.606,0,0
06.06.2022 09:47:53.456 GMT+0200,8793.006,8786.006,0,0
06.06.2022 09:47:56.152 GMT+0200,8793.556,8786.556,0,0
06.06.2022 09:47:58.563 GMT+0200,8794.056,8787.056,0,0
06.06.2022 09:48:01.871 GMT+0200,8794.146,8787.146,0,0
06.06.2022 09:48:04.658 GMT+0200,8794.036,8787.036,0,0
06.06.2022 09:48:06.602 GMT+0200,8792.686,8785.686,0,0
06.06.2022 09:48:06.782 GMT+0200,8794.296,8787.296,0,0
06.06.2022 09:48:12.088 GMT+0200,8793.676,8786.676,0,0
06.06.2022 09:48:13.762 GMT+0200,8794.126,8787.126,0,0
06.06.2022 09:48:20.236 GMT+0200,8794.166,8787.166,0,0.0001
06.06.2022 09:48:24.213 GMT+0200,8793.716,8786.716,0.0001,0
06.06.2022 09:48:26.153 GMT+0200,8794.766,8787.766,0.0001,0
06.06.2022 09:48:30.121 GMT+0200,8793.656,8786.656,0,0
06.06.2022 09:48:34.144 GMT+0200,8794.256,8787.256,0,0
06.06.2022 09:48:39.695 GMT+0200,8795.256,8788.256,0,0
06.06.2022 09:48:39.800 GMT+0200,8793.996,8786.996,0,0
06.06.2022 09:48:42.636 GMT+0200,8794.186,8787.186,0,0
06.06.2022 09:48:44.258 GMT+0200,8794.536,8787.536,0,0
06.06.2022 09:48:44.536 GMT+0200,8795.436,8788.436,0,0
06.06.2022 09:48:46.511 GMT+0200,8795.746,8788.746,0,0
06.06.2022 09:48:50.554 GMT+0200,8794.586,8787.586,0.0001,0
